%YAML 1.1
%TAG !u! tag:unity3d.com,2011:
--- !u!1 &1223557447
GameObject:
  m_ObjectHideFlags: 0
  m_CorrespondingSourceObject: {fileID: 0}
  m_PrefabInstance: {fileID: 0}
  m_PrefabAsset: {fileID: 0}
  serializedVersion: 6
  m_Component:
  - component: {fileID: 1223557448}
  m_Layer: 0
  m_Name: SignalConnections
  m_TagString: Untagged
  m_Icon: {fileID: 0}
  m_NavMeshLayer: 0
  m_StaticEditorFlags: 0
  m_IsActive: 1
--- !u!4 &1223557448
Transform:
  m_ObjectHideFlags: 0
  m_CorrespondingSourceObject: {fileID: 0}
  m_PrefabInstance: {fileID: 0}
  m_PrefabAsset: {fileID: 0}
  m_GameObject: {fileID: 1223557447}
  m_LocalRotation: {x: -0, y: -0, z: -0, w: 1}
  m_LocalPosition: {x: 0, y: 0, z: 0}
  m_LocalScale: {x: 1, y: 1, z: 1}
  m_Children:
  - {fileID: 9140699929798922467}
  - {fileID: 8765707721739782796}
  - {fileID: 4766815361976146613}
  - {fileID: 8734992823450198485}
  - {fileID: 103879562281484763}
  m_Father: {fileID: 7702292909685707174}
  m_RootOrder: 2
  m_LocalEulerAnglesHint: {x: 0, y: 0, z: 0}
--- !u!1001 &493859637638904528
PrefabInstance:
  m_ObjectHideFlags: 0
  serializedVersion: 2
  m_Modification:
    m_TransformParent: {fileID: 7702292909685707174}
    m_Modifications:
    - target: {fileID: 7755582967316596928, guid: cb0179d793853f74895dfc43b8d10e07, type: 3}
      propertyPath: connectedPoints.Array.size
      value: 1
      objectReference: {fileID: 0}
    - target: {fileID: 7755582967316596928, guid: cb0179d793853f74895dfc43b8d10e07, type: 3}
      propertyPath: connectedPoints.Array.data[0]
      value: 
      objectReference: {fileID: 9140699929798922466}
    - target: {fileID: 7755582967316596929, guid: cb0179d793853f74895dfc43b8d10e07, type: 3}
      propertyPath: m_RootOrder
      value: 1
      objectReference: {fileID: 0}
    - target: {fileID: 7755582967316596929, guid: cb0179d793853f74895dfc43b8d10e07, type: 3}
      propertyPath: m_LocalPosition.x
      value: -0.12
      objectReference: {fileID: 0}
    - target: {fileID: 7755582967316596929, guid: cb0179d793853f74895dfc43b8d10e07, type: 3}
      propertyPath: m_LocalPosition.y
      value: 0.05
      objectReference: {fileID: 0}
    - target: {fileID: 7755582967316596929, guid: cb0179d793853f74895dfc43b8d10e07, type: 3}
      propertyPath: m_LocalPosition.z
      value: -0.01
      objectReference: {fileID: 0}
    - target: {fileID: 7755582967316596929, guid: cb0179d793853f74895dfc43b8d10e07, type: 3}
      propertyPath: m_LocalRotation.w
      value: 1
      objectReference: {fileID: 0}
    - target: {fileID: 7755582967316596929, guid: cb0179d793853f74895dfc43b8d10e07, type: 3}
      propertyPath: m_LocalRotation.x
      value: 0
      objectReference: {fileID: 0}
    - target: {fileID: 7755582967316596929, guid: cb0179d793853f74895dfc43b8d10e07, type: 3}
      propertyPath: m_LocalRotation.y
      value: 0
      objectReference: {fileID: 0}
    - target: {fileID: 7755582967316596929, guid: cb0179d793853f74895dfc43b8d10e07, type: 3}
      propertyPath: m_LocalRotation.z
      value: 0
      objectReference: {fileID: 0}
    - target: {fileID: 7755582967316596929, guid: cb0179d793853f74895dfc43b8d10e07, type: 3}
      propertyPath: m_LocalEulerAnglesHint.x
      value: 0
      objectReference: {fileID: 0}
    - target: {fileID: 7755582967316596929, guid: cb0179d793853f74895dfc43b8d10e07, type: 3}
      propertyPath: m_LocalEulerAnglesHint.y
      value: 0
      objectReference: {fileID: 0}
    - target: {fileID: 7755582967316596929, guid: cb0179d793853f74895dfc43b8d10e07, type: 3}
      propertyPath: m_LocalEulerAnglesHint.z
      value: 0
      objectReference: {fileID: 0}
    - target: {fileID: 7755582967316596931, guid: cb0179d793853f74895dfc43b8d10e07, type: 3}
      propertyPath: m_Name
      value: SignalWest
      objectReference: {fileID: 0}
    m_RemovedComponents: []
  m_SourcePrefab: {fileID: 100100000, guid: cb0179d793853f74895dfc43b8d10e07, type: 3}
--- !u!114 &7889135736898155024 stripped
MonoBehaviour:
  m_CorrespondingSourceObject: {fileID: 7755582967316596928, guid: cb0179d793853f74895dfc43b8d10e07, type: 3}
  m_PrefabInstance: {fileID: 493859637638904528}
  m_PrefabAsset: {fileID: 0}
  m_GameObject: {fileID: 0}
  m_Enabled: 1
  m_EditorHideFlags: 0
  m_Script: {fileID: 11500000, guid: fe050b4c8caee5443910ad62731616d9, type: 3}
  m_Name: 
  m_EditorClassIdentifier: 
--- !u!1001 &1299096236334973517
PrefabInstance:
  m_ObjectHideFlags: 0
  serializedVersion: 2
  m_Modification:
    m_TransformParent: {fileID: 1223557448}
    m_Modifications:
    - target: {fileID: 7755582967316596928, guid: cb0179d793853f74895dfc43b8d10e07, type: 3}
      propertyPath: connectedPoints.Array.size
      value: 2
      objectReference: {fileID: 0}
    - target: {fileID: 7755582967316596928, guid: cb0179d793853f74895dfc43b8d10e07, type: 3}
      propertyPath: connectedPoints.Array.data[0]
      value: 
      objectReference: {fileID: 9140699929798922466}
    - target: {fileID: 7755582967316596928, guid: cb0179d793853f74895dfc43b8d10e07, type: 3}
      propertyPath: connectedPoints.Array.data[1]
      value: 
      objectReference: {fileID: 4766815361976146612}
    - target: {fileID: 7755582967316596929, guid: cb0179d793853f74895dfc43b8d10e07, type: 3}
      propertyPath: m_RootOrder
      value: 1
      objectReference: {fileID: 0}
    - target: {fileID: 7755582967316596929, guid: cb0179d793853f74895dfc43b8d10e07, type: 3}
      propertyPath: m_LocalPosition.x
      value: 0
      objectReference: {fileID: 0}
    - target: {fileID: 7755582967316596929, guid: cb0179d793853f74895dfc43b8d10e07, type: 3}
      propertyPath: m_LocalPosition.y
      value: 0.05
      objectReference: {fileID: 0}
    - target: {fileID: 7755582967316596929, guid: cb0179d793853f74895dfc43b8d10e07, type: 3}
      propertyPath: m_LocalPosition.z
      value: -0.06
      objectReference: {fileID: 0}
    - target: {fileID: 7755582967316596929, guid: cb0179d793853f74895dfc43b8d10e07, type: 3}
      propertyPath: m_LocalRotation.w
      value: 0.92387956
      objectReference: {fileID: 0}
    - target: {fileID: 7755582967316596929, guid: cb0179d793853f74895dfc43b8d10e07, type: 3}
      propertyPath: m_LocalRotation.x
      value: -0.38268343
      objectReference: {fileID: 0}
    - target: {fileID: 7755582967316596929, guid: cb0179d793853f74895dfc43b8d10e07, type: 3}
      propertyPath: m_LocalRotation.y
      value: 0
      objectReference: {fileID: 0}
    - target: {fileID: 7755582967316596929, guid: cb0179d793853f74895dfc43b8d10e07, type: 3}
      propertyPath: m_LocalRotation.z
      value: 0
      objectReference: {fileID: 0}
    - target: {fileID: 7755582967316596929, guid: cb0179d793853f74895dfc43b8d10e07, type: 3}
      propertyPath: m_LocalEulerAnglesHint.x
      value: -45
      objectReference: {fileID: 0}
    - target: {fileID: 7755582967316596929, guid: cb0179d793853f74895dfc43b8d10e07, type: 3}
      propertyPath: m_LocalEulerAnglesHint.y
      value: 0
      objectReference: {fileID: 0}
    - target: {fileID: 7755582967316596929, guid: cb0179d793853f74895dfc43b8d10e07, type: 3}
      propertyPath: m_LocalEulerAnglesHint.z
      value: 0
      objectReference: {fileID: 0}
    - target: {fileID: 7755582967316596931, guid: cb0179d793853f74895dfc43b8d10e07, type: 3}
      propertyPath: m_Name
      value: SignalConnection (2)
      objectReference: {fileID: 0}
    m_RemovedComponents: []
  m_SourcePrefab: {fileID: 100100000, guid: cb0179d793853f74895dfc43b8d10e07, type: 3}
--- !u!4 &8765707721739782796 stripped
Transform:
  m_CorrespondingSourceObject: {fileID: 7755582967316596929, guid: cb0179d793853f74895dfc43b8d10e07, type: 3}
  m_PrefabInstance: {fileID: 1299096236334973517}
  m_PrefabAsset: {fileID: 0}
--- !u!114 &8765707721739782797 stripped
MonoBehaviour:
  m_CorrespondingSourceObject: {fileID: 7755582967316596928, guid: cb0179d793853f74895dfc43b8d10e07, type: 3}
  m_PrefabInstance: {fileID: 1299096236334973517}
  m_PrefabAsset: {fileID: 0}
  m_GameObject: {fileID: 0}
  m_Enabled: 1
  m_EditorHideFlags: 0
  m_Script: {fileID: 11500000, guid: fe050b4c8caee5443910ad62731616d9, type: 3}
  m_Name: 
  m_EditorClassIdentifier: 
--- !u!1001 &1340296081466730772
PrefabInstance:
  m_ObjectHideFlags: 0
  serializedVersion: 2
  m_Modification:
    m_TransformParent: {fileID: 1223557448}
    m_Modifications:
    - target: {fileID: 7755582967316596928, guid: cb0179d793853f74895dfc43b8d10e07, type: 3}
      propertyPath: connectedPoints.Array.size
      value: 2
      objectReference: {fileID: 0}
    - target: {fileID: 7755582967316596928, guid: cb0179d793853f74895dfc43b8d10e07, type: 3}
      propertyPath: connectedPoints.Array.data[0]
      value: 
      objectReference: {fileID: 4766815361976146612}
    - target: {fileID: 7755582967316596928, guid: cb0179d793853f74895dfc43b8d10e07, type: 3}
      propertyPath: connectedPoints.Array.data[1]
      value: 
      objectReference: {fileID: 103879562281484762}
    - target: {fileID: 7755582967316596929, guid: cb0179d793853f74895dfc43b8d10e07, type: 3}
      propertyPath: m_RootOrder
      value: 3
      objectReference: {fileID: 0}
    - target: {fileID: 7755582967316596929, guid: cb0179d793853f74895dfc43b8d10e07, type: 3}
      propertyPath: m_LocalPosition.x
      value: 0
      objectReference: {fileID: 0}
    - target: {fileID: 7755582967316596929, guid: cb0179d793853f74895dfc43b8d10e07, type: 3}
      propertyPath: m_LocalPosition.y
      value: 0.02
      objectReference: {fileID: 0}
    - target: {fileID: 7755582967316596929, guid: cb0179d793853f74895dfc43b8d10e07, type: 3}
      propertyPath: m_LocalPosition.z
      value: -0.11
      objectReference: {fileID: 0}
    - target: {fileID: 7755582967316596929, guid: cb0179d793853f74895dfc43b8d10e07, type: 3}
      propertyPath: m_LocalRotation.w
      value: 0.92387956
      objectReference: {fileID: 0}
    - target: {fileID: 7755582967316596929, guid: cb0179d793853f74895dfc43b8d10e07, type: 3}
      propertyPath: m_LocalRotation.x
      value: -0.38268343
      objectReference: {fileID: 0}
    - target: {fileID: 7755582967316596929, guid: cb0179d793853f74895dfc43b8d10e07, type: 3}
      propertyPath: m_LocalRotation.y
      value: 0
      objectReference: {fileID: 0}
    - target: {fileID: 7755582967316596929, guid: cb0179d793853f74895dfc43b8d10e07, type: 3}
      propertyPath: m_LocalRotation.z
      value: 0
      objectReference: {fileID: 0}
    - target: {fileID: 7755582967316596929, guid: cb0179d793853f74895dfc43b8d10e07, type: 3}
      propertyPath: m_LocalEulerAnglesHint.x
      value: -45
      objectReference: {fileID: 0}
    - target: {fileID: 7755582967316596929, guid: cb0179d793853f74895dfc43b8d10e07, type: 3}
      propertyPath: m_LocalEulerAnglesHint.y
      value: 0
      objectReference: {fileID: 0}
    - target: {fileID: 7755582967316596929, guid: cb0179d793853f74895dfc43b8d10e07, type: 3}
      propertyPath: m_LocalEulerAnglesHint.z
      value: 0
      objectReference: {fileID: 0}
    - target: {fileID: 7755582967316596931, guid: cb0179d793853f74895dfc43b8d10e07, type: 3}
      propertyPath: m_Name
      value: SignalConnection (4)
      objectReference: {fileID: 0}
    m_RemovedComponents: []
  m_SourcePrefab: {fileID: 100100000, guid: cb0179d793853f74895dfc43b8d10e07, type: 3}
--- !u!4 &8734992823450198485 stripped
Transform:
  m_CorrespondingSourceObject: {fileID: 7755582967316596929, guid: cb0179d793853f74895dfc43b8d10e07, type: 3}
  m_PrefabInstance: {fileID: 1340296081466730772}
  m_PrefabAsset: {fileID: 0}
--- !u!114 &8734992823450198484 stripped
MonoBehaviour:
  m_CorrespondingSourceObject: {fileID: 7755582967316596928, guid: cb0179d793853f74895dfc43b8d10e07, type: 3}
  m_PrefabInstance: {fileID: 1340296081466730772}
  m_PrefabAsset: {fileID: 0}
  m_GameObject: {fileID: 0}
  m_Enabled: 1
  m_EditorHideFlags: 0
  m_Script: {fileID: 11500000, guid: fe050b4c8caee5443910ad62731616d9, type: 3}
  m_Name: 
  m_EditorClassIdentifier: 
--- !u!1001 &1547856968102942754
PrefabInstance:
  m_ObjectHideFlags: 0
  serializedVersion: 2
  m_Modification:
    m_TransformParent: {fileID: 1223557448}
    m_Modifications:
    - target: {fileID: 7755582967316596928, guid: cb0179d793853f74895dfc43b8d10e07, type: 3}
      propertyPath: connectedPoints.Array.size
      value: 2
      objectReference: {fileID: 0}
    - target: {fileID: 7755582967316596928, guid: cb0179d793853f74895dfc43b8d10e07, type: 3}
      propertyPath: connectedPoints.Array.data[0]
      value: 
      objectReference: {fileID: 7889135736898155024}
    - target: {fileID: 7755582967316596928, guid: cb0179d793853f74895dfc43b8d10e07, type: 3}
      propertyPath: connectedPoints.Array.data[1]
      value: 
      objectReference: {fileID: 8765707721739782797}
    - target: {fileID: 7755582967316596929, guid: cb0179d793853f74895dfc43b8d10e07, type: 3}
      propertyPath: m_RootOrder
      value: 0
      objectReference: {fileID: 0}
    - target: {fileID: 7755582967316596929, guid: cb0179d793853f74895dfc43b8d10e07, type: 3}
      propertyPath: m_LocalPosition.x
      value: 0
      objectReference: {fileID: 0}
    - target: {fileID: 7755582967316596929, guid: cb0179d793853f74895dfc43b8d10e07, type: 3}
      propertyPath: m_LocalPosition.y
      value: 0.05
      objectReference: {fileID: 0}
    - target: {fileID: 7755582967316596929, guid: cb0179d793853f74895dfc43b8d10e07, type: 3}
      propertyPath: m_LocalPosition.z
      value: -0.01
      objectReference: {fileID: 0}
    - target: {fileID: 7755582967316596929, guid: cb0179d793853f74895dfc43b8d10e07, type: 3}
      propertyPath: m_LocalRotation.w
      value: 1
      objectReference: {fileID: 0}
    - target: {fileID: 7755582967316596929, guid: cb0179d793853f74895dfc43b8d10e07, type: 3}
      propertyPath: m_LocalRotation.x
      value: -0
      objectReference: {fileID: 0}
    - target: {fileID: 7755582967316596929, guid: cb0179d793853f74895dfc43b8d10e07, type: 3}
      propertyPath: m_LocalRotation.y
      value: -0
      objectReference: {fileID: 0}
    - target: {fileID: 7755582967316596929, guid: cb0179d793853f74895dfc43b8d10e07, type: 3}
      propertyPath: m_LocalRotation.z
      value: -0
      objectReference: {fileID: 0}
    - target: {fileID: 7755582967316596929, guid: cb0179d793853f74895dfc43b8d10e07, type: 3}
      propertyPath: m_LocalEulerAnglesHint.x
      value: 0
      objectReference: {fileID: 0}
    - target: {fileID: 7755582967316596929, guid: cb0179d793853f74895dfc43b8d10e07, type: 3}
      propertyPath: m_LocalEulerAnglesHint.y
      value: 0
      objectReference: {fileID: 0}
    - target: {fileID: 7755582967316596929, guid: cb0179d793853f74895dfc43b8d10e07, type: 3}
      propertyPath: m_LocalEulerAnglesHint.z
      value: 0
      objectReference: {fileID: 0}
    - target: {fileID: 7755582967316596931, guid: cb0179d793853f74895dfc43b8d10e07, type: 3}
      propertyPath: m_Name
      value: SignalConnection (1)
      objectReference: {fileID: 0}
    m_RemovedComponents: []
  m_SourcePrefab: {fileID: 100100000, guid: cb0179d793853f74895dfc43b8d10e07, type: 3}
--- !u!4 &9140699929798922467 stripped
Transform:
  m_CorrespondingSourceObject: {fileID: 7755582967316596929, guid: cb0179d793853f74895dfc43b8d10e07, type: 3}
  m_PrefabInstance: {fileID: 1547856968102942754}
  m_PrefabAsset: {fileID: 0}
--- !u!114 &9140699929798922466 stripped
MonoBehaviour:
  m_CorrespondingSourceObject: {fileID: 7755582967316596928, guid: cb0179d793853f74895dfc43b8d10e07, type: 3}
  m_PrefabInstance: {fileID: 1547856968102942754}
  m_PrefabAsset: {fileID: 0}
  m_GameObject: {fileID: 0}
  m_Enabled: 1
  m_EditorHideFlags: 0
  m_Script: {fileID: 11500000, guid: fe050b4c8caee5443910ad62731616d9, type: 3}
  m_Name: 
  m_EditorClassIdentifier: 
--- !u!1001 &2992216230272651892
PrefabInstance:
  m_ObjectHideFlags: 0
  serializedVersion: 2
  m_Modification:
    m_TransformParent: {fileID: 1223557448}
    m_Modifications:
    - target: {fileID: 7755582967316596928, guid: cb0179d793853f74895dfc43b8d10e07, type: 3}
      propertyPath: connectedPoints.Array.size
      value: 2
      objectReference: {fileID: 0}
    - target: {fileID: 7755582967316596928, guid: cb0179d793853f74895dfc43b8d10e07, type: 3}
      propertyPath: connectedPoints.Array.data[0]
      value: 
      objectReference: {fileID: 8765707721739782797}
    - target: {fileID: 7755582967316596928, guid: cb0179d793853f74895dfc43b8d10e07, type: 3}
      propertyPath: connectedPoints.Array.data[1]
      value: 
      objectReference: {fileID: 8734992823450198484}
    - target: {fileID: 7755582967316596929, guid: cb0179d793853f74895dfc43b8d10e07, type: 3}
      propertyPath: m_RootOrder
      value: 2
      objectReference: {fileID: 0}
    - target: {fileID: 7755582967316596929, guid: cb0179d793853f74895dfc43b8d10e07, type: 3}
      propertyPath: m_LocalPosition.x
      value: 0
      objectReference: {fileID: 0}
    - target: {fileID: 7755582967316596929, guid: cb0179d793853f74895dfc43b8d10e07, type: 3}
      propertyPath: m_LocalPosition.y
      value: 0.02
      objectReference: {fileID: 0}
    - target: {fileID: 7755582967316596929, guid: cb0179d793853f74895dfc43b8d10e07, type: 3}
      propertyPath: m_LocalPosition.z
      value: -0.06
      objectReference: {fileID: 0}
    - target: {fileID: 7755582967316596929, guid: cb0179d793853f74895dfc43b8d10e07, type: 3}
      propertyPath: m_LocalRotation.w
      value: 0.92387956
      objectReference: {fileID: 0}
    - target: {fileID: 7755582967316596929, guid: cb0179d793853f74895dfc43b8d10e07, type: 3}
      propertyPath: m_LocalRotation.x
      value: -0.38268343
      objectReference: {fileID: 0}
    - target: {fileID: 7755582967316596929, guid: cb0179d793853f74895dfc43b8d10e07, type: 3}
      propertyPath: m_LocalRotation.y
      value: 0
      objectReference: {fileID: 0}
    - target: {fileID: 7755582967316596929, guid: cb0179d793853f74895dfc43b8d10e07, type: 3}
      propertyPath: m_LocalRotation.z
      value: 0
      objectReference: {fileID: 0}
    - target: {fileID: 7755582967316596929, guid: cb0179d793853f74895dfc43b8d10e07, type: 3}
      propertyPath: m_LocalEulerAnglesHint.x
      value: -45
      objectReference: {fileID: 0}
    - target: {fileID: 7755582967316596929, guid: cb0179d793853f74895dfc43b8d10e07, type: 3}
      propertyPath: m_LocalEulerAnglesHint.y
      value: 0
      objectReference: {fileID: 0}
    - target: {fileID: 7755582967316596929, guid: cb0179d793853f74895dfc43b8d10e07, type: 3}
      propertyPath: m_LocalEulerAnglesHint.z
      value: 0
      objectReference: {fileID: 0}
    - target: {fileID: 7755582967316596931, guid: cb0179d793853f74895dfc43b8d10e07, type: 3}
      propertyPath: m_Name
      value: SignalConnection (3)
      objectReference: {fileID: 0}
    m_RemovedComponents: []
  m_SourcePrefab: {fileID: 100100000, guid: cb0179d793853f74895dfc43b8d10e07, type: 3}
--- !u!4 &4766815361976146613 stripped
Transform:
  m_CorrespondingSourceObject: {fileID: 7755582967316596929, guid: cb0179d793853f74895dfc43b8d10e07, type: 3}
  m_PrefabInstance: {fileID: 2992216230272651892}
  m_PrefabAsset: {fileID: 0}
--- !u!114 &4766815361976146612 stripped
MonoBehaviour:
  m_CorrespondingSourceObject: {fileID: 7755582967316596928, guid: cb0179d793853f74895dfc43b8d10e07, type: 3}
  m_PrefabInstance: {fileID: 2992216230272651892}
  m_PrefabAsset: {fileID: 0}
  m_GameObject: {fileID: 0}
  m_Enabled: 1
  m_EditorHideFlags: 0
  m_Script: {fileID: 11500000, guid: fe050b4c8caee5443910ad62731616d9, type: 3}
  m_Name: 
  m_EditorClassIdentifier: 
--- !u!1001 &7696740236982733082
PrefabInstance:
  m_ObjectHideFlags: 0
  serializedVersion: 2
  m_Modification:
    m_TransformParent: {fileID: 1223557448}
    m_Modifications:
    - target: {fileID: 7755582967316596928, guid: cb0179d793853f74895dfc43b8d10e07, type: 3}
      propertyPath: connectedPoints.Array.size
      value: 2
      objectReference: {fileID: 0}
    - target: {fileID: 7755582967316596928, guid: cb0179d793853f74895dfc43b8d10e07, type: 3}
      propertyPath: connectedPoints.Array.data[0]
      value: 
      objectReference: {fileID: 8734992823450198484}
    - target: {fileID: 7755582967316596928, guid: cb0179d793853f74895dfc43b8d10e07, type: 3}
      propertyPath: connectedPoints.Array.data[1]
      value: 
      objectReference: {fileID: 1560775455373214363}
    - target: {fileID: 7755582967316596929, guid: cb0179d793853f74895dfc43b8d10e07, type: 3}
      propertyPath: m_RootOrder
      value: 4
      objectReference: {fileID: 0}
    - target: {fileID: 7755582967316596929, guid: cb0179d793853f74895dfc43b8d10e07, type: 3}
      propertyPath: m_LocalPosition.x
      value: 0
      objectReference: {fileID: 0}
    - target: {fileID: 7755582967316596929, guid: cb0179d793853f74895dfc43b8d10e07, type: 3}
      propertyPath: m_LocalPosition.y
      value: 0
      objectReference: {fileID: 0}
    - target: {fileID: 7755582967316596929, guid: cb0179d793853f74895dfc43b8d10e07, type: 3}
      propertyPath: m_LocalPosition.z
      value: -0.11
      objectReference: {fileID: 0}
    - target: {fileID: 7755582967316596929, guid: cb0179d793853f74895dfc43b8d10e07, type: 3}
      propertyPath: m_LocalRotation.w
      value: 0.92387956
      objectReference: {fileID: 0}
    - target: {fileID: 7755582967316596929, guid: cb0179d793853f74895dfc43b8d10e07, type: 3}
      propertyPath: m_LocalRotation.x
      value: -0.38268343
      objectReference: {fileID: 0}
    - target: {fileID: 7755582967316596929, guid: cb0179d793853f74895dfc43b8d10e07, type: 3}
      propertyPath: m_LocalRotation.y
      value: 0
      objectReference: {fileID: 0}
    - target: {fileID: 7755582967316596929, guid: cb0179d793853f74895dfc43b8d10e07, type: 3}
      propertyPath: m_LocalRotation.z
      value: 0
      objectReference: {fileID: 0}
    - target: {fileID: 7755582967316596929, guid: cb0179d793853f74895dfc43b8d10e07, type: 3}
      propertyPath: m_LocalEulerAnglesHint.x
      value: -45
      objectReference: {fileID: 0}
    - target: {fileID: 7755582967316596929, guid: cb0179d793853f74895dfc43b8d10e07, type: 3}
      propertyPath: m_LocalEulerAnglesHint.y
      value: 0
      objectReference: {fileID: 0}
    - target: {fileID: 7755582967316596929, guid: cb0179d793853f74895dfc43b8d10e07, type: 3}
      propertyPath: m_LocalEulerAnglesHint.z
      value: 0
      objectReference: {fileID: 0}
    - target: {fileID: 7755582967316596931, guid: cb0179d793853f74895dfc43b8d10e07, type: 3}
      propertyPath: m_Name
      value: SignalConnection (5)
      objectReference: {fileID: 0}
    m_RemovedComponents: []
  m_SourcePrefab: {fileID: 100100000, guid: cb0179d793853f74895dfc43b8d10e07, type: 3}
--- !u!4 &103879562281484763 stripped
Transform:
  m_CorrespondingSourceObject: {fileID: 7755582967316596929, guid: cb0179d793853f74895dfc43b8d10e07, type: 3}
  m_PrefabInstance: {fileID: 7696740236982733082}
  m_PrefabAsset: {fileID: 0}
--- !u!114 &103879562281484762 stripped
MonoBehaviour:
  m_CorrespondingSourceObject: {fileID: 7755582967316596928, guid: cb0179d793853f74895dfc43b8d10e07, type: 3}
  m_PrefabInstance: {fileID: 7696740236982733082}
  m_PrefabAsset: {fileID: 0}
  m_GameObject: {fileID: 0}
  m_Enabled: 1
  m_EditorHideFlags: 0
  m_Script: {fileID: 11500000, guid: fe050b4c8caee5443910ad62731616d9, type: 3}
  m_Name: 
  m_EditorClassIdentifier: 
--- !u!1001 &7885437818320647757
PrefabInstance:
  m_ObjectHideFlags: 0
  serializedVersion: 2
  m_Modification:
    m_TransformParent: {fileID: 0}
    m_Modifications:
    - target: {fileID: -8679921383154817045, guid: e39d20866188c374d8bc559ca49a0469, type: 3}
      propertyPath: m_RootOrder
      value: 0
      objectReference: {fileID: 0}
    - target: {fileID: -8679921383154817045, guid: e39d20866188c374d8bc559ca49a0469, type: 3}
      propertyPath: m_LocalEulerAnglesHint.x
      value: 0
      objectReference: {fileID: 0}
    - target: {fileID: -8679921383154817045, guid: e39d20866188c374d8bc559ca49a0469, type: 3}
      propertyPath: m_LocalEulerAnglesHint.y
      value: 0
      objectReference: {fileID: 0}
    - target: {fileID: -8679921383154817045, guid: e39d20866188c374d8bc559ca49a0469, type: 3}
      propertyPath: m_LocalEulerAnglesHint.z
      value: 0
      objectReference: {fileID: 0}
    - target: {fileID: 919132149155446097, guid: e39d20866188c374d8bc559ca49a0469, type: 3}
      propertyPath: m_Name
      value: PuzzlePlate_Wall_BottomLeft
      objectReference: {fileID: 0}
    m_RemovedComponents: []
  m_SourcePrefab: {fileID: 100100000, guid: e39d20866188c374d8bc559ca49a0469, type: 3}
--- !u!1 &7039084691141675804 stripped
GameObject:
  m_CorrespondingSourceObject: {fileID: 919132149155446097, guid: e39d20866188c374d8bc559ca49a0469, type: 3}
  m_PrefabInstance: {fileID: 7885437818320647757}
  m_PrefabAsset: {fileID: 0}
--- !u!4 &7702292909685707174 stripped
Transform:
  m_CorrespondingSourceObject: {fileID: -8679921383154817045, guid: e39d20866188c374d8bc559ca49a0469, type: 3}
  m_PrefabInstance: {fileID: 7885437818320647757}
  m_PrefabAsset: {fileID: 0}
--- !u!114 &821202074
MonoBehaviour:
  m_ObjectHideFlags: 0
  m_CorrespondingSourceObject: {fileID: 0}
  m_PrefabInstance: {fileID: 0}
  m_PrefabAsset: {fileID: 0}
  m_GameObject: {fileID: 7039084691141675804}
  m_Enabled: 1
  m_EditorHideFlags: 0
  m_Script: {fileID: 11500000, guid: fb9adc81d440ec948926ae95978658e6, type: 3}
  m_Name: 
  m_EditorClassIdentifier: 
  points:
    north: {fileID: 0}
    east: {fileID: 0}
    south: {fileID: 1560775455373214363}
    west: {fileID: 7889135736898155024}
--- !u!1001 &9081966732344724059
PrefabInstance:
  m_ObjectHideFlags: 0
  serializedVersion: 2
  m_Modification:
    m_TransformParent: {fileID: 7702292909685707174}
    m_Modifications:
    - target: {fileID: 7755582967316596929, guid: cb0179d793853f74895dfc43b8d10e07, type: 3}
      propertyPath: m_RootOrder
      value: 0
      objectReference: {fileID: 0}
    - target: {fileID: 7755582967316596929, guid: cb0179d793853f74895dfc43b8d10e07, type: 3}
      propertyPath: m_LocalPosition.x
      value: 0
      objectReference: {fileID: 0}
    - target: {fileID: 7755582967316596929, guid: cb0179d793853f74895dfc43b8d10e07, type: 3}
      propertyPath: m_LocalPosition.y
      value: 0
      objectReference: {fileID: 0}
    - target: {fileID: 7755582967316596929, guid: cb0179d793853f74895dfc43b8d10e07, type: 3}
      propertyPath: m_LocalPosition.z
      value: -0.12
      objectReference: {fileID: 0}
    - target: {fileID: 7755582967316596929, guid: cb0179d793853f74895dfc43b8d10e07, type: 3}
      propertyPath: m_LocalRotation.w
      value: 1
      objectReference: {fileID: 0}
    - target: {fileID: 7755582967316596929, guid: cb0179d793853f74895dfc43b8d10e07, type: 3}
      propertyPath: m_LocalRotation.x
      value: 0
      objectReference: {fileID: 0}
    - target: {fileID: 7755582967316596929, guid: cb0179d793853f74895dfc43b8d10e07, type: 3}
      propertyPath: m_LocalRotation.y
      value: 0
      objectReference: {fileID: 0}
    - target: {fileID: 7755582967316596929, guid: cb0179d793853f74895dfc43b8d10e07, type: 3}
      propertyPath: m_LocalRotation.z
      value: 0
      objectReference: {fileID: 0}
    - target: {fileID: 7755582967316596929, guid: cb0179d793853f74895dfc43b8d10e07, type: 3}
      propertyPath: m_LocalEulerAnglesHint.x
      value: 0
      objectReference: {fileID: 0}
    - target: {fileID: 7755582967316596929, guid: cb0179d793853f74895dfc43b8d10e07, type: 3}
      propertyPath: m_LocalEulerAnglesHint.y
      value: 0
      objectReference: {fileID: 0}
    - target: {fileID: 7755582967316596929, guid: cb0179d793853f74895dfc43b8d10e07, type: 3}
      propertyPath: m_LocalEulerAnglesHint.z
      value: 0
      objectReference: {fileID: 0}
    - target: {fileID: 7755582967316596931, guid: cb0179d793853f74895dfc43b8d10e07, type: 3}
      propertyPath: m_Name
      value: SignalSouth
      objectReference: {fileID: 0}
    m_RemovedComponents: []
  m_SourcePrefab: {fileID: 100100000, guid: cb0179d793853f74895dfc43b8d10e07, type: 3}
--- !u!114 &1560775455373214363 stripped
MonoBehaviour:
  m_CorrespondingSourceObject: {fileID: 7755582967316596928, guid: cb0179d793853f74895dfc43b8d10e07, type: 3}
  m_PrefabInstance: {fileID: 9081966732344724059}
  m_PrefabAsset: {fileID: 0}
  m_GameObject: {fileID: 0}
  m_Enabled: 1
  m_EditorHideFlags: 0
  m_Script: {fileID: 11500000, guid: fe050b4c8caee5443910ad62731616d9, type: 3}
  m_Name: 
  m_EditorClassIdentifier: 
