%YAML 1.1
%TAG !u! tag:unity3d.com,2011:
--- !u!1 &6004225812401434324
GameObject:
  m_ObjectHideFlags: 0
  m_CorrespondingSourceObject: {fileID: 0}
  m_PrefabInstance: {fileID: 0}
  m_PrefabAsset: {fileID: 0}
  serializedVersion: 6
  m_Component:
  - component: {fileID: 6004225812401434330}
  - component: {fileID: 6004225812401434325}
  - component: {fileID: 6004225812401434331}
  m_Layer: 0
  m_Name: CombinedLadder_4
  m_TagString: Untagged
  m_Icon: {fileID: 0}
  m_NavMeshLayer: 0
  m_StaticEditorFlags: 0
  m_IsActive: 1
--- !u!4 &6004225812401434330
Transform:
  m_ObjectHideFlags: 0
  m_CorrespondingSourceObject: {fileID: 0}
  m_PrefabInstance: {fileID: 0}
  m_PrefabAsset: {fileID: 0}
  m_GameObject: {fileID: 6004225812401434324}
  m_LocalRotation: {x: 0, y: 0.38268343, z: 0, w: 0.92387956}
  m_LocalPosition: {x: 2, y: 0, z: 0}
  m_LocalScale: {x: 1, y: 1, z: 1}
  m_Children:
  - {fileID: 4101809228724722649}
  - {fileID: 4101809227915158934}
  - {fileID: 4101809227271277745}
  - {fileID: 4101809229195789327}
  m_Father: {fileID: 0}
  m_RootOrder: 0
  m_LocalEulerAnglesHint: {x: 0, y: 45, z: 0}
--- !u!65 &6004225812401434325
BoxCollider:
  m_ObjectHideFlags: 0
  m_CorrespondingSourceObject: {fileID: 0}
  m_PrefabInstance: {fileID: 0}
  m_PrefabAsset: {fileID: 0}
  m_GameObject: {fileID: 6004225812401434324}
  m_Material: {fileID: 0}
  m_IsTrigger: 0
  m_Enabled: 1
  serializedVersion: 2
  m_Size: {x: 0.72, y: 6.8, z: 0.13}
  m_Center: {x: 0, y: 3.4, z: 0}
--- !u!114 &6004225812401434331
MonoBehaviour:
  m_ObjectHideFlags: 0
  m_CorrespondingSourceObject: {fileID: 0}
  m_PrefabInstance: {fileID: 0}
  m_PrefabAsset: {fileID: 0}
  m_GameObject: {fileID: 6004225812401434324}
  m_Enabled: 1
  m_EditorHideFlags: 0
  m_Script: {fileID: 11500000, guid: 15b1b1e9a1210ea42a05a9a02b527e5d, type: 3}
  m_Name: 
  m_EditorClassIdentifier: 
  collider: {fileID: 6004225812401434325}
  bottomStep: 0.2
  topStep: 0.12
  stepCount: 24
  topUnmount: {x: 0, y: 0, z: -0.5}
  bottomUnmount: {x: 0, y: 0, z: 0.5}
--- !u!1001 &6004225812709925332
PrefabInstance:
  m_ObjectHideFlags: 0
  serializedVersion: 2
  m_Modification:
    m_TransformParent: {fileID: 6004225812401434330}
    m_Modifications:
    - target: {fileID: 6986234204293085151, guid: 5155edf38fd18804dbc561d2e870ee90, type: 3}
      propertyPath: m_Name
      value: Ladder (2)
      objectReference: {fileID: 0}
    - target: {fileID: 7764142338538138981, guid: 5155edf38fd18804dbc561d2e870ee90, type: 3}
      propertyPath: m_RootOrder
      value: 2
      objectReference: {fileID: 0}
    - target: {fileID: 7764142338538138981, guid: 5155edf38fd18804dbc561d2e870ee90, type: 3}
      propertyPath: m_LocalPosition.x
      value: 0
      objectReference: {fileID: 0}
    - target: {fileID: 7764142338538138981, guid: 5155edf38fd18804dbc561d2e870ee90, type: 3}
      propertyPath: m_LocalPosition.y
      value: 1.7
      objectReference: {fileID: 0}
    - target: {fileID: 7764142338538138981, guid: 5155edf38fd18804dbc561d2e870ee90, type: 3}
      propertyPath: m_LocalPosition.z
      value: 0
      objectReference: {fileID: 0}
    - target: {fileID: 7764142338538138981, guid: 5155edf38fd18804dbc561d2e870ee90, type: 3}
      propertyPath: m_LocalRotation.w
      value: 1
      objectReference: {fileID: 0}
    - target: {fileID: 7764142338538138981, guid: 5155edf38fd18804dbc561d2e870ee90, type: 3}
      propertyPath: m_LocalRotation.x
      value: -0
      objectReference: {fileID: 0}
    - target: {fileID: 7764142338538138981, guid: 5155edf38fd18804dbc561d2e870ee90, type: 3}
      propertyPath: m_LocalRotation.y
      value: -0
      objectReference: {fileID: 0}
    - target: {fileID: 7764142338538138981, guid: 5155edf38fd18804dbc561d2e870ee90, type: 3}
      propertyPath: m_LocalRotation.z
      value: -0
      objectReference: {fileID: 0}
    - target: {fileID: 7764142338538138981, guid: 5155edf38fd18804dbc561d2e870ee90, type: 3}
      propertyPath: m_LocalEulerAnglesHint.x
      value: 0
      objectReference: {fileID: 0}
    - target: {fileID: 7764142338538138981, guid: 5155edf38fd18804dbc561d2e870ee90, type: 3}
      propertyPath: m_LocalEulerAnglesHint.y
      value: 0
      objectReference: {fileID: 0}
    - target: {fileID: 7764142338538138981, guid: 5155edf38fd18804dbc561d2e870ee90, type: 3}
      propertyPath: m_LocalEulerAnglesHint.z
      value: 0
      objectReference: {fileID: 0}
    m_RemovedComponents:
    - {fileID: 2812178244805946939, guid: 5155edf38fd18804dbc561d2e870ee90, type: 3}
  m_SourcePrefab: {fileID: 100100000, guid: 5155edf38fd18804dbc561d2e870ee90, type: 3}
--- !u!4 &4101809227271277745 stripped
Transform:
  m_CorrespondingSourceObject: {fileID: 7764142338538138981, guid: 5155edf38fd18804dbc561d2e870ee90, type: 3}
  m_PrefabInstance: {fileID: 6004225812709925332}
  m_PrefabAsset: {fileID: 0}
--- !u!1001 &6004225813089585395
PrefabInstance:
  m_ObjectHideFlags: 0
  serializedVersion: 2
  m_Modification:
    m_TransformParent: {fileID: 6004225812401434330}
    m_Modifications:
    - target: {fileID: 6986234204293085151, guid: 5155edf38fd18804dbc561d2e870ee90, type: 3}
      propertyPath: m_Name
      value: Ladder (1)
      objectReference: {fileID: 0}
    - target: {fileID: 7764142338538138981, guid: 5155edf38fd18804dbc561d2e870ee90, type: 3}
      propertyPath: m_RootOrder
      value: 1
      objectReference: {fileID: 0}
    - target: {fileID: 7764142338538138981, guid: 5155edf38fd18804dbc561d2e870ee90, type: 3}
      propertyPath: m_LocalPosition.x
      value: 0
      objectReference: {fileID: 0}
    - target: {fileID: 7764142338538138981, guid: 5155edf38fd18804dbc561d2e870ee90, type: 3}
      propertyPath: m_LocalPosition.y
      value: 3.4
      objectReference: {fileID: 0}
    - target: {fileID: 7764142338538138981, guid: 5155edf38fd18804dbc561d2e870ee90, type: 3}
      propertyPath: m_LocalPosition.z
      value: 0
      objectReference: {fileID: 0}
    - target: {fileID: 7764142338538138981, guid: 5155edf38fd18804dbc561d2e870ee90, type: 3}
      propertyPath: m_LocalRotation.w
      value: 1
      objectReference: {fileID: 0}
    - target: {fileID: 7764142338538138981, guid: 5155edf38fd18804dbc561d2e870ee90, type: 3}
      propertyPath: m_LocalRotation.x
      value: -0
      objectReference: {fileID: 0}
    - target: {fileID: 7764142338538138981, guid: 5155edf38fd18804dbc561d2e870ee90, type: 3}
      propertyPath: m_LocalRotation.y
      value: -0
      objectReference: {fileID: 0}
    - target: {fileID: 7764142338538138981, guid: 5155edf38fd18804dbc561d2e870ee90, type: 3}
      propertyPath: m_LocalRotation.z
      value: -0
      objectReference: {fileID: 0}
    - target: {fileID: 7764142338538138981, guid: 5155edf38fd18804dbc561d2e870ee90, type: 3}
      propertyPath: m_LocalEulerAnglesHint.x
      value: 0
      objectReference: {fileID: 0}
    - target: {fileID: 7764142338538138981, guid: 5155edf38fd18804dbc561d2e870ee90, type: 3}
      propertyPath: m_LocalEulerAnglesHint.y
      value: 0
      objectReference: {fileID: 0}
    - target: {fileID: 7764142338538138981, guid: 5155edf38fd18804dbc561d2e870ee90, type: 3}
      propertyPath: m_LocalEulerAnglesHint.z
      value: 0
      objectReference: {fileID: 0}
    m_RemovedComponents:
    - {fileID: 2812178244805946939, guid: 5155edf38fd18804dbc561d2e870ee90, type: 3}
  m_SourcePrefab: {fileID: 100100000, guid: 5155edf38fd18804dbc561d2e870ee90, type: 3}
--- !u!4 &4101809227915158934 stripped
Transform:
  m_CorrespondingSourceObject: {fileID: 7764142338538138981, guid: 5155edf38fd18804dbc561d2e870ee90, type: 3}
  m_PrefabInstance: {fileID: 6004225813089585395}
  m_PrefabAsset: {fileID: 0}
--- !u!1001 &6004225813362030268
PrefabInstance:
  m_ObjectHideFlags: 0
  serializedVersion: 2
  m_Modification:
    m_TransformParent: {fileID: 6004225812401434330}
    m_Modifications:
    - target: {fileID: 6986234204293085151, guid: 5155edf38fd18804dbc561d2e870ee90, type: 3}
      propertyPath: m_Name
      value: Ladder
      objectReference: {fileID: 0}
    - target: {fileID: 7764142338538138981, guid: 5155edf38fd18804dbc561d2e870ee90, type: 3}
      propertyPath: m_RootOrder
      value: 0
      objectReference: {fileID: 0}
    - target: {fileID: 7764142338538138981, guid: 5155edf38fd18804dbc561d2e870ee90, type: 3}
      propertyPath: m_LocalPosition.x
      value: 0
      objectReference: {fileID: 0}
    - target: {fileID: 7764142338538138981, guid: 5155edf38fd18804dbc561d2e870ee90, type: 3}
      propertyPath: m_LocalPosition.y
      value: 5.1
      objectReference: {fileID: 0}
    - target: {fileID: 7764142338538138981, guid: 5155edf38fd18804dbc561d2e870ee90, type: 3}
      propertyPath: m_LocalPosition.z
      value: 0
      objectReference: {fileID: 0}
    - target: {fileID: 7764142338538138981, guid: 5155edf38fd18804dbc561d2e870ee90, type: 3}
      propertyPath: m_LocalRotation.w
      value: 1
      objectReference: {fileID: 0}
    - target: {fileID: 7764142338538138981, guid: 5155edf38fd18804dbc561d2e870ee90, type: 3}
      propertyPath: m_LocalRotation.x
      value: -0
      objectReference: {fileID: 0}
    - target: {fileID: 7764142338538138981, guid: 5155edf38fd18804dbc561d2e870ee90, type: 3}
      propertyPath: m_LocalRotation.y
      value: -0
      objectReference: {fileID: 0}
    - target: {fileID: 7764142338538138981, guid: 5155edf38fd18804dbc561d2e870ee90, type: 3}
      propertyPath: m_LocalRotation.z
      value: -0
      objectReference: {fileID: 0}
    - target: {fileID: 7764142338538138981, guid: 5155edf38fd18804dbc561d2e870ee90, type: 3}
      propertyPath: m_LocalEulerAnglesHint.x
      value: 0
      objectReference: {fileID: 0}
    - target: {fileID: 7764142338538138981, guid: 5155edf38fd18804dbc561d2e870ee90, type: 3}
      propertyPath: m_LocalEulerAnglesHint.y
      value: 0
      objectReference: {fileID: 0}
    - target: {fileID: 7764142338538138981, guid: 5155edf38fd18804dbc561d2e870ee90, type: 3}
      propertyPath: m_LocalEulerAnglesHint.z
      value: 0
      objectReference: {fileID: 0}
    m_RemovedComponents:
    - {fileID: 2812178244805946939, guid: 5155edf38fd18804dbc561d2e870ee90, type: 3}
  m_SourcePrefab: {fileID: 100100000, guid: 5155edf38fd18804dbc561d2e870ee90, type: 3}
--- !u!4 &4101809228724722649 stripped
Transform:
  m_CorrespondingSourceObject: {fileID: 7764142338538138981, guid: 5155edf38fd18804dbc561d2e870ee90, type: 3}
  m_PrefabInstance: {fileID: 6004225813362030268}
  m_PrefabAsset: {fileID: 0}
--- !u!1001 &6004225813828905322
PrefabInstance:
  m_ObjectHideFlags: 0
  serializedVersion: 2
  m_Modification:
    m_TransformParent: {fileID: 6004225812401434330}
    m_Modifications:
    - target: {fileID: 6986234204293085151, guid: 5155edf38fd18804dbc561d2e870ee90, type: 3}
      propertyPath: m_Name
      value: Ladder (3)
      objectReference: {fileID: 0}
    - target: {fileID: 7764142338538138981, guid: 5155edf38fd18804dbc561d2e870ee90, type: 3}
      propertyPath: m_RootOrder
      value: 3
      objectReference: {fileID: 0}
    - target: {fileID: 7764142338538138981, guid: 5155edf38fd18804dbc561d2e870ee90, type: 3}
      propertyPath: m_LocalPosition.x
      value: 0
      objectReference: {fileID: 0}
    - target: {fileID: 7764142338538138981, guid: 5155edf38fd18804dbc561d2e870ee90, type: 3}
      propertyPath: m_LocalPosition.y
      value: 0
      objectReference: {fileID: 0}
    - target: {fileID: 7764142338538138981, guid: 5155edf38fd18804dbc561d2e870ee90, type: 3}
      propertyPath: m_LocalPosition.z
      value: 0
      objectReference: {fileID: 0}
    - target: {fileID: 7764142338538138981, guid: 5155edf38fd18804dbc561d2e870ee90, type: 3}
      propertyPath: m_LocalRotation.w
      value: 1
      objectReference: {fileID: 0}
    - target: {fileID: 7764142338538138981, guid: 5155edf38fd18804dbc561d2e870ee90, type: 3}
      propertyPath: m_LocalRotation.x
      value: -0
      objectReference: {fileID: 0}
    - target: {fileID: 7764142338538138981, guid: 5155edf38fd18804dbc561d2e870ee90, type: 3}
      propertyPath: m_LocalRotation.y
      value: -0
      objectReference: {fileID: 0}
    - target: {fileID: 7764142338538138981, guid: 5155edf38fd18804dbc561d2e870ee90, type: 3}
      propertyPath: m_LocalRotation.z
      value: -0
      objectReference: {fileID: 0}
    - target: {fileID: 7764142338538138981, guid: 5155edf38fd18804dbc561d2e870ee90, type: 3}
      propertyPath: m_LocalEulerAnglesHint.x
      value: 0
      objectReference: {fileID: 0}
    - target: {fileID: 7764142338538138981, guid: 5155edf38fd18804dbc561d2e870ee90, type: 3}
      propertyPath: m_LocalEulerAnglesHint.y
      value: 0
      objectReference: {fileID: 0}
    - target: {fileID: 7764142338538138981, guid: 5155edf38fd18804dbc561d2e870ee90, type: 3}
      propertyPath: m_LocalEulerAnglesHint.z
      value: 0
      objectReference: {fileID: 0}
    m_RemovedComponents:
    - {fileID: 2812178244805946939, guid: 5155edf38fd18804dbc561d2e870ee90, type: 3}
  m_SourcePrefab: {fileID: 100100000, guid: 5155edf38fd18804dbc561d2e870ee90, type: 3}
--- !u!4 &4101809229195789327 stripped
Transform:
  m_CorrespondingSourceObject: {fileID: 7764142338538138981, guid: 5155edf38fd18804dbc561d2e870ee90, type: 3}
  m_PrefabInstance: {fileID: 6004225813828905322}
  m_PrefabAsset: {fileID: 0}
