%YAML 1.1
%TAG !u! tag:unity3d.com,2011:
--- !u!1 &9079979951171604545
GameObject:
  m_ObjectHideFlags: 0
  m_CorrespondingSourceObject: {fileID: 0}
  m_PrefabInstance: {fileID: 0}
  m_PrefabAsset: {fileID: 0}
  serializedVersion: 6
  m_Component:
  - component: {fileID: 7259885991689683108}
  - component: {fileID: 2745743673373858120}
  - component: {fileID: 2432389017523407568}
  m_Layer: 0
  m_Name: Terrain
  m_TagString: Untagged
  m_Icon: {fileID: 0}
  m_NavMeshLayer: 0
  m_StaticEditorFlags: 4294967295
  m_IsActive: 1
--- !u!4 &7259885991689683108
Transform:
  m_ObjectHideFlags: 0
  m_CorrespondingSourceObject: {fileID: 0}
  m_PrefabInstance: {fileID: 0}
  m_PrefabAsset: {fileID: 0}
  m_GameObject: {fileID: 9079979951171604545}
  m_LocalRotation: {x: -0, y: -0, z: -0, w: 1}
  m_LocalPosition: {x: 0, y: 0, z: 0}
  m_LocalScale: {x: 1, y: 1, z: 1}
  m_Children: []
  m_Father: {fileID: 663018718662178355}
  m_RootOrder: 3
  m_LocalEulerAnglesHint: {x: 0, y: 0, z: 0}
--- !u!218 &2745743673373858120
Terrain:
  m_ObjectHideFlags: 0
  m_CorrespondingSourceObject: {fileID: 0}
  m_PrefabInstance: {fileID: 0}
  m_PrefabAsset: {fileID: 0}
  m_GameObject: {fileID: 9079979951171604545}
  m_Enabled: 1
  serializedVersion: 6
  m_TerrainData: {fileID: 15600000, guid: 460ac4a8720cbca498ea9763f9545073, type: 2}
  m_TreeDistance: 5000
  m_TreeBillboardDistance: 50
  m_TreeCrossFadeLength: 5
  m_TreeMaximumFullLODCount: 50
  m_DetailObjectDistance: 80
  m_DetailObjectDensity: 1
  m_HeightmapPixelError: 5
  m_SplatMapDistance: 1000
  m_HeightmapMaximumLOD: 0
  m_ShadowCastingMode: 2
  m_DrawHeightmap: 1
  m_DrawInstanced: 0
  m_DrawTreesAndFoliage: 1
  m_ReflectionProbeUsage: 1
  m_MaterialTemplate: {fileID: 2100000, guid: 594ea882c5a793440b60ff72d896021e, type: 2}
  m_BakeLightProbesForTrees: 1
  m_PreserveTreePrototypeLayers: 0
  m_DeringLightProbesForTrees: 1
  m_ScaleInLightmap: 0.85333335
  m_LightmapParameters: {fileID: 15203, guid: 0000000000000000f000000000000000, type: 0}
  m_GroupingID: 0
  m_RenderingLayerMask: 1
  m_AllowAutoConnect: 1
--- !u!154 &2432389017523407568
TerrainCollider:
  m_ObjectHideFlags: 0
  m_CorrespondingSourceObject: {fileID: 0}
  m_PrefabInstance: {fileID: 0}
  m_PrefabAsset: {fileID: 0}
  m_GameObject: {fileID: 9079979951171604545}
  m_Material: {fileID: 0}
  m_Enabled: 1
  m_TerrainData: {fileID: 15600000, guid: 460ac4a8720cbca498ea9763f9545073, type: 2}
  m_EnableTreeColliders: 1
--- !u!1001 &402223489377425432
PrefabInstance:
  m_ObjectHideFlags: 0
  serializedVersion: 2
  m_Modification:
    m_TransformParent: {fileID: 663018718662178355}
    m_Modifications:
    - target: {fileID: 340818093615085106, guid: 813b822d869a0024db3fef194d31f5c5, type: 3}
      propertyPath: m_Name
      value: Pillar_Part_2
      objectReference: {fileID: 0}
    - target: {fileID: 1148704793766898824, guid: 813b822d869a0024db3fef194d31f5c5, type: 3}
      propertyPath: m_RootOrder
      value: 13
      objectReference: {fileID: 0}
    - target: {fileID: 1148704793766898824, guid: 813b822d869a0024db3fef194d31f5c5, type: 3}
      propertyPath: m_LocalPosition.x
      value: 38.53932
      objectReference: {fileID: 0}
    - target: {fileID: 1148704793766898824, guid: 813b822d869a0024db3fef194d31f5c5, type: 3}
      propertyPath: m_LocalPosition.y
      value: 0.46
      objectReference: {fileID: 0}
    - target: {fileID: 1148704793766898824, guid: 813b822d869a0024db3fef194d31f5c5, type: 3}
      propertyPath: m_LocalPosition.z
      value: 12.653454
      objectReference: {fileID: 0}
    - target: {fileID: 1148704793766898824, guid: 813b822d869a0024db3fef194d31f5c5, type: 3}
      propertyPath: m_LocalRotation.w
      value: 0.99098456
      objectReference: {fileID: 0}
    - target: {fileID: 1148704793766898824, guid: 813b822d869a0024db3fef194d31f5c5, type: 3}
      propertyPath: m_LocalRotation.x
      value: -0.13397644
      objectReference: {fileID: 0}
    - target: {fileID: 1148704793766898824, guid: 813b822d869a0024db3fef194d31f5c5, type: 3}
      propertyPath: m_LocalRotation.y
      value: -0
      objectReference: {fileID: 0}
    - target: {fileID: 1148704793766898824, guid: 813b822d869a0024db3fef194d31f5c5, type: 3}
      propertyPath: m_LocalRotation.z
      value: -0
      objectReference: {fileID: 0}
    - target: {fileID: 1148704793766898824, guid: 813b822d869a0024db3fef194d31f5c5, type: 3}
      propertyPath: m_LocalEulerAnglesHint.x
      value: -15.399
      objectReference: {fileID: 0}
    - target: {fileID: 1148704793766898824, guid: 813b822d869a0024db3fef194d31f5c5, type: 3}
      propertyPath: m_LocalEulerAnglesHint.y
      value: 0
      objectReference: {fileID: 0}
    - target: {fileID: 1148704793766898824, guid: 813b822d869a0024db3fef194d31f5c5, type: 3}
      propertyPath: m_LocalEulerAnglesHint.z
      value: 0
      objectReference: {fileID: 0}
    m_RemovedComponents: []
  m_SourcePrefab: {fileID: 100100000, guid: 813b822d869a0024db3fef194d31f5c5, type: 3}
--- !u!1001 &583583298879607031
PrefabInstance:
  m_ObjectHideFlags: 0
  serializedVersion: 2
  m_Modification:
    m_TransformParent: {fileID: 663018718662178355}
    m_Modifications:
    - target: {fileID: 4993594951377240987, guid: 0c1d8a1ad90011e45a9d0cc8b0734be5, type: 3}
      propertyPath: m_RootOrder
      value: 8
      objectReference: {fileID: 0}
    - target: {fileID: 4993594951377240987, guid: 0c1d8a1ad90011e45a9d0cc8b0734be5, type: 3}
      propertyPath: m_LocalPosition.x
      value: 20.402853
      objectReference: {fileID: 0}
    - target: {fileID: 4993594951377240987, guid: 0c1d8a1ad90011e45a9d0cc8b0734be5, type: 3}
      propertyPath: m_LocalPosition.y
      value: 0.22
      objectReference: {fileID: 0}
    - target: {fileID: 4993594951377240987, guid: 0c1d8a1ad90011e45a9d0cc8b0734be5, type: 3}
      propertyPath: m_LocalPosition.z
      value: 13.453017
      objectReference: {fileID: 0}
    - target: {fileID: 4993594951377240987, guid: 0c1d8a1ad90011e45a9d0cc8b0734be5, type: 3}
      propertyPath: m_LocalRotation.w
      value: 1
      objectReference: {fileID: 0}
    - target: {fileID: 4993594951377240987, guid: 0c1d8a1ad90011e45a9d0cc8b0734be5, type: 3}
      propertyPath: m_LocalRotation.x
      value: -0
      objectReference: {fileID: 0}
    - target: {fileID: 4993594951377240987, guid: 0c1d8a1ad90011e45a9d0cc8b0734be5, type: 3}
      propertyPath: m_LocalRotation.y
      value: -0
      objectReference: {fileID: 0}
    - target: {fileID: 4993594951377240987, guid: 0c1d8a1ad90011e45a9d0cc8b0734be5, type: 3}
      propertyPath: m_LocalRotation.z
      value: -0
      objectReference: {fileID: 0}
    - target: {fileID: 4993594951377240987, guid: 0c1d8a1ad90011e45a9d0cc8b0734be5, type: 3}
      propertyPath: m_LocalEulerAnglesHint.x
      value: 0
      objectReference: {fileID: 0}
    - target: {fileID: 4993594951377240987, guid: 0c1d8a1ad90011e45a9d0cc8b0734be5, type: 3}
      propertyPath: m_LocalEulerAnglesHint.y
      value: 0
      objectReference: {fileID: 0}
    - target: {fileID: 4993594951377240987, guid: 0c1d8a1ad90011e45a9d0cc8b0734be5, type: 3}
      propertyPath: m_LocalEulerAnglesHint.z
      value: 0
      objectReference: {fileID: 0}
    - target: {fileID: 5622463253435521313, guid: 0c1d8a1ad90011e45a9d0cc8b0734be5, type: 3}
      propertyPath: m_Name
      value: Brick_1_Broken
      objectReference: {fileID: 0}
    m_RemovedComponents: []
  m_SourcePrefab: {fileID: 100100000, guid: 0c1d8a1ad90011e45a9d0cc8b0734be5, type: 3}
--- !u!1001 &801705601572656605
PrefabInstance:
  m_ObjectHideFlags: 0
  serializedVersion: 2
  m_Modification:
    m_TransformParent: {fileID: 663018718662178355}
    m_Modifications:
    - target: {fileID: 8614120412137283819, guid: 4d33e6b36c29e4a49904a70ea2b235f6, type: 3}
      propertyPath: m_Name
      value: Pillar_Part_1
      objectReference: {fileID: 0}
    - target: {fileID: 8989273145916668497, guid: 4d33e6b36c29e4a49904a70ea2b235f6, type: 3}
      propertyPath: m_RootOrder
      value: 12
      objectReference: {fileID: 0}
    - target: {fileID: 8989273145916668497, guid: 4d33e6b36c29e4a49904a70ea2b235f6, type: 3}
      propertyPath: m_LocalPosition.x
      value: 37.32
      objectReference: {fileID: 0}
    - target: {fileID: 8989273145916668497, guid: 4d33e6b36c29e4a49904a70ea2b235f6, type: 3}
      propertyPath: m_LocalPosition.y
      value: 0.31
      objectReference: {fileID: 0}
    - target: {fileID: 8989273145916668497, guid: 4d33e6b36c29e4a49904a70ea2b235f6, type: 3}
      propertyPath: m_LocalPosition.z
      value: 11.08
      objectReference: {fileID: 0}
    - target: {fileID: 8989273145916668497, guid: 4d33e6b36c29e4a49904a70ea2b235f6, type: 3}
      propertyPath: m_LocalRotation.w
      value: 0.992411
      objectReference: {fileID: 0}
    - target: {fileID: 8989273145916668497, guid: 4d33e6b36c29e4a49904a70ea2b235f6, type: 3}
      propertyPath: m_LocalRotation.x
      value: -0.122965224
      objectReference: {fileID: 0}
    - target: {fileID: 8989273145916668497, guid: 4d33e6b36c29e4a49904a70ea2b235f6, type: 3}
      propertyPath: m_LocalRotation.y
      value: -0
      objectReference: {fileID: 0}
    - target: {fileID: 8989273145916668497, guid: 4d33e6b36c29e4a49904a70ea2b235f6, type: 3}
      propertyPath: m_LocalRotation.z
      value: -0
      objectReference: {fileID: 0}
    - target: {fileID: 8989273145916668497, guid: 4d33e6b36c29e4a49904a70ea2b235f6, type: 3}
      propertyPath: m_LocalEulerAnglesHint.x
      value: -14.127
      objectReference: {fileID: 0}
    - target: {fileID: 8989273145916668497, guid: 4d33e6b36c29e4a49904a70ea2b235f6, type: 3}
      propertyPath: m_LocalEulerAnglesHint.y
      value: 0
      objectReference: {fileID: 0}
    - target: {fileID: 8989273145916668497, guid: 4d33e6b36c29e4a49904a70ea2b235f6, type: 3}
      propertyPath: m_LocalEulerAnglesHint.z
      value: 0
      objectReference: {fileID: 0}
    m_RemovedComponents: []
  m_SourcePrefab: {fileID: 100100000, guid: 4d33e6b36c29e4a49904a70ea2b235f6, type: 3}
--- !u!1001 &1361190027698798787
PrefabInstance:
  m_ObjectHideFlags: 0
  serializedVersion: 2
  m_Modification:
    m_TransformParent: {fileID: 663018718662178355}
    m_Modifications:
    - target: {fileID: 2482166548139056361, guid: 3def3f2b2ac1bc042ba74d940003e03e, type: 3}
      propertyPath: m_RootOrder
      value: 10
      objectReference: {fileID: 0}
    - target: {fileID: 2482166548139056361, guid: 3def3f2b2ac1bc042ba74d940003e03e, type: 3}
      propertyPath: m_LocalScale.x
      value: 0.010173761
      objectReference: {fileID: 0}
    - target: {fileID: 2482166548139056361, guid: 3def3f2b2ac1bc042ba74d940003e03e, type: 3}
      propertyPath: m_LocalScale.y
      value: 0.015181999
      objectReference: {fileID: 0}
    - target: {fileID: 2482166548139056361, guid: 3def3f2b2ac1bc042ba74d940003e03e, type: 3}
      propertyPath: m_LocalScale.z
      value: 0.015182
      objectReference: {fileID: 0}
    - target: {fileID: 2482166548139056361, guid: 3def3f2b2ac1bc042ba74d940003e03e, type: 3}
      propertyPath: m_LocalPosition.x
      value: 37.991154
      objectReference: {fileID: 0}
    - target: {fileID: 2482166548139056361, guid: 3def3f2b2ac1bc042ba74d940003e03e, type: 3}
      propertyPath: m_LocalPosition.y
      value: 0.9
      objectReference: {fileID: 0}
    - target: {fileID: 2482166548139056361, guid: 3def3f2b2ac1bc042ba74d940003e03e, type: 3}
      propertyPath: m_LocalPosition.z
      value: 23.79
      objectReference: {fileID: 0}
    - target: {fileID: 2482166548139056361, guid: 3def3f2b2ac1bc042ba74d940003e03e, type: 3}
      propertyPath: m_LocalRotation.w
      value: -0.6377012
      objectReference: {fileID: 0}
    - target: {fileID: 2482166548139056361, guid: 3def3f2b2ac1bc042ba74d940003e03e, type: 3}
      propertyPath: m_LocalRotation.x
      value: 0.16922098
      objectReference: {fileID: 0}
    - target: {fileID: 2482166548139056361, guid: 3def3f2b2ac1bc042ba74d940003e03e, type: 3}
      propertyPath: m_LocalRotation.y
      value: 0.7330568
      objectReference: {fileID: 0}
    - target: {fileID: 2482166548139056361, guid: 3def3f2b2ac1bc042ba74d940003e03e, type: 3}
      propertyPath: m_LocalRotation.z
      value: -0.16531575
      objectReference: {fileID: 0}
    - target: {fileID: 2482166548139056361, guid: 3def3f2b2ac1bc042ba74d940003e03e, type: 3}
      propertyPath: m_LocalEulerAnglesHint.x
      value: 1.521
      objectReference: {fileID: 0}
    - target: {fileID: 2482166548139056361, guid: 3def3f2b2ac1bc042ba74d940003e03e, type: 3}
      propertyPath: m_LocalEulerAnglesHint.y
      value: 262.411
      objectReference: {fileID: 0}
    - target: {fileID: 2482166548139056361, guid: 3def3f2b2ac1bc042ba74d940003e03e, type: 3}
      propertyPath: m_LocalEulerAnglesHint.z
      value: 27.329
      objectReference: {fileID: 0}
    - target: {fileID: 2970614334652139091, guid: 3def3f2b2ac1bc042ba74d940003e03e, type: 3}
      propertyPath: m_Name
      value: Pillar_Fancy_Broken_4
      objectReference: {fileID: 0}
    m_RemovedComponents: []
  m_SourcePrefab: {fileID: 100100000, guid: 3def3f2b2ac1bc042ba74d940003e03e, type: 3}
--- !u!1001 &2819283842601030245
PrefabInstance:
  m_ObjectHideFlags: 0
  serializedVersion: 2
  m_Modification:
    m_TransformParent: {fileID: 0}
    m_Modifications:
    - target: {fileID: 2196665079973681370, guid: e2a9ac2b4f782704e80571cfd45a1e21, type: 3}
      propertyPath: m_Name
      value: Tile_10
      objectReference: {fileID: 0}
    - target: {fileID: 3320172948738843734, guid: e2a9ac2b4f782704e80571cfd45a1e21, type: 3}
      propertyPath: m_RootOrder
      value: 0
      objectReference: {fileID: 0}
    - target: {fileID: 3320172948738843734, guid: e2a9ac2b4f782704e80571cfd45a1e21, type: 3}
      propertyPath: m_LocalPosition.x
      value: -80.00001
      objectReference: {fileID: 0}
    - target: {fileID: 3320172948738843734, guid: e2a9ac2b4f782704e80571cfd45a1e21, type: 3}
      propertyPath: m_LocalPosition.y
      value: 0
      objectReference: {fileID: 0}
    - target: {fileID: 3320172948738843734, guid: e2a9ac2b4f782704e80571cfd45a1e21, type: 3}
      propertyPath: m_LocalPosition.z
      value: 0.00011444092
      objectReference: {fileID: 0}
    - target: {fileID: 3320172948738843734, guid: e2a9ac2b4f782704e80571cfd45a1e21, type: 3}
      propertyPath: m_LocalRotation.w
      value: 1
      objectReference: {fileID: 0}
    - target: {fileID: 3320172948738843734, guid: e2a9ac2b4f782704e80571cfd45a1e21, type: 3}
      propertyPath: m_LocalRotation.x
      value: 0
      objectReference: {fileID: 0}
    - target: {fileID: 3320172948738843734, guid: e2a9ac2b4f782704e80571cfd45a1e21, type: 3}
      propertyPath: m_LocalRotation.y
      value: 0
      objectReference: {fileID: 0}
    - target: {fileID: 3320172948738843734, guid: e2a9ac2b4f782704e80571cfd45a1e21, type: 3}
      propertyPath: m_LocalRotation.z
      value: 0
      objectReference: {fileID: 0}
    - target: {fileID: 3320172948738843734, guid: e2a9ac2b4f782704e80571cfd45a1e21, type: 3}
      propertyPath: m_LocalEulerAnglesHint.x
      value: 0
      objectReference: {fileID: 0}
    - target: {fileID: 3320172948738843734, guid: e2a9ac2b4f782704e80571cfd45a1e21, type: 3}
      propertyPath: m_LocalEulerAnglesHint.y
      value: 0
      objectReference: {fileID: 0}
    - target: {fileID: 3320172948738843734, guid: e2a9ac2b4f782704e80571cfd45a1e21, type: 3}
      propertyPath: m_LocalEulerAnglesHint.z
      value: 0
      objectReference: {fileID: 0}
    - target: {fileID: 4327604138402555041, guid: e2a9ac2b4f782704e80571cfd45a1e21, type: 3}
      propertyPath: structure
      value: 
      objectReference: {fileID: 3459004078051577628, guid: 846ba3d503bf6d64f8dafc946cf78379, type: 2}
    m_RemovedComponents: []
  m_SourcePrefab: {fileID: 100100000, guid: e2a9ac2b4f782704e80571cfd45a1e21, type: 3}
--- !u!4 &663018718662178355 stripped
Transform:
  m_CorrespondingSourceObject: {fileID: 3320172948738843734, guid: e2a9ac2b4f782704e80571cfd45a1e21, type: 3}
  m_PrefabInstance: {fileID: 2819283842601030245}
  m_PrefabAsset: {fileID: 0}
--- !u!1001 &3017386111355129311
PrefabInstance:
  m_ObjectHideFlags: 0
  serializedVersion: 2
  m_Modification:
    m_TransformParent: {fileID: 663018718662178355}
    m_Modifications:
    - target: {fileID: 6290448513028969772, guid: fa968349480d9c6469c5be463cb77c90, type: 3}
      propertyPath: m_RootOrder
      value: 14
      objectReference: {fileID: 0}
    - target: {fileID: 6290448513028969772, guid: fa968349480d9c6469c5be463cb77c90, type: 3}
      propertyPath: m_LocalPosition.x
      value: 39.03
      objectReference: {fileID: 0}
    - target: {fileID: 6290448513028969772, guid: fa968349480d9c6469c5be463cb77c90, type: 3}
      propertyPath: m_LocalPosition.y
      value: -0.14
      objectReference: {fileID: 0}
    - target: {fileID: 6290448513028969772, guid: fa968349480d9c6469c5be463cb77c90, type: 3}
      propertyPath: m_LocalPosition.z
      value: 13.51
      objectReference: {fileID: 0}
    - target: {fileID: 6290448513028969772, guid: fa968349480d9c6469c5be463cb77c90, type: 3}
      propertyPath: m_LocalRotation.w
      value: 1
      objectReference: {fileID: 0}
    - target: {fileID: 6290448513028969772, guid: fa968349480d9c6469c5be463cb77c90, type: 3}
      propertyPath: m_LocalRotation.x
      value: -0
      objectReference: {fileID: 0}
    - target: {fileID: 6290448513028969772, guid: fa968349480d9c6469c5be463cb77c90, type: 3}
      propertyPath: m_LocalRotation.y
      value: -0
      objectReference: {fileID: 0}
    - target: {fileID: 6290448513028969772, guid: fa968349480d9c6469c5be463cb77c90, type: 3}
      propertyPath: m_LocalRotation.z
      value: -0
      objectReference: {fileID: 0}
    - target: {fileID: 6290448513028969772, guid: fa968349480d9c6469c5be463cb77c90, type: 3}
      propertyPath: m_LocalEulerAnglesHint.x
      value: 0
      objectReference: {fileID: 0}
    - target: {fileID: 6290448513028969772, guid: fa968349480d9c6469c5be463cb77c90, type: 3}
      propertyPath: m_LocalEulerAnglesHint.y
      value: 0
      objectReference: {fileID: 0}
    - target: {fileID: 6290448513028969772, guid: fa968349480d9c6469c5be463cb77c90, type: 3}
      propertyPath: m_LocalEulerAnglesHint.z
      value: 0
      objectReference: {fileID: 0}
    - target: {fileID: 6631542981051125654, guid: fa968349480d9c6469c5be463cb77c90, type: 3}
      propertyPath: m_Name
      value: Pillar_Part_Base (1)
      objectReference: {fileID: 0}
    m_RemovedComponents: []
  m_SourcePrefab: {fileID: 100100000, guid: fa968349480d9c6469c5be463cb77c90, type: 3}
--- !u!1001 &3504776992155376200
PrefabInstance:
  m_ObjectHideFlags: 0
  serializedVersion: 2
  m_Modification:
    m_TransformParent: {fileID: 663018718662178355}
    m_Modifications:
    - target: {fileID: 4651114563474558321, guid: 5c348d0bf4dc6b248af98d15a50358d9, type: 3}
      propertyPath: m_StaticEditorFlags
      value: 4294967295
      objectReference: {fileID: 0}
    - target: {fileID: 4651114563525538299, guid: 5c348d0bf4dc6b248af98d15a50358d9, type: 3}
      propertyPath: m_StaticEditorFlags
      value: 4294967295
      objectReference: {fileID: 0}
    - target: {fileID: 4651114563542264574, guid: 5c348d0bf4dc6b248af98d15a50358d9, type: 3}
      propertyPath: m_StaticEditorFlags
      value: 4294967295
      objectReference: {fileID: 0}
    - target: {fileID: 4651114563561722081, guid: 5c348d0bf4dc6b248af98d15a50358d9, type: 3}
      propertyPath: m_StaticEditorFlags
      value: 4294967295
      objectReference: {fileID: 0}
    - target: {fileID: 4651114563598819191, guid: 5c348d0bf4dc6b248af98d15a50358d9, type: 3}
      propertyPath: m_StaticEditorFlags
      value: 4294967295
      objectReference: {fileID: 0}
    - target: {fileID: 4651114563616811122, guid: 5c348d0bf4dc6b248af98d15a50358d9, type: 3}
      propertyPath: m_StaticEditorFlags
      value: 4294967295
      objectReference: {fileID: 0}
    - target: {fileID: 4651114563657154324, guid: 5c348d0bf4dc6b248af98d15a50358d9, type: 3}
      propertyPath: m_StaticEditorFlags
      value: 4294967295
      objectReference: {fileID: 0}
    - target: {fileID: 4651114563679080636, guid: 5c348d0bf4dc6b248af98d15a50358d9, type: 3}
      propertyPath: m_StaticEditorFlags
      value: 4294967295
      objectReference: {fileID: 0}
    - target: {fileID: 4651114563682136458, guid: 5c348d0bf4dc6b248af98d15a50358d9, type: 3}
      propertyPath: m_StaticEditorFlags
      value: 4294967295
      objectReference: {fileID: 0}
    - target: {fileID: 4651114563713021465, guid: 5c348d0bf4dc6b248af98d15a50358d9, type: 3}
      propertyPath: m_StaticEditorFlags
      value: 4294967295
      objectReference: {fileID: 0}
    - target: {fileID: 4651114563779858818, guid: 5c348d0bf4dc6b248af98d15a50358d9, type: 3}
      propertyPath: m_StaticEditorFlags
      value: 4294967295
      objectReference: {fileID: 0}
    - target: {fileID: 4651114564105123294, guid: 5c348d0bf4dc6b248af98d15a50358d9, type: 3}
      propertyPath: m_StaticEditorFlags
      value: 4294967295
      objectReference: {fileID: 0}
    - target: {fileID: 4651114564231748809, guid: 5c348d0bf4dc6b248af98d15a50358d9, type: 3}
      propertyPath: m_StaticEditorFlags
      value: 4294967295
      objectReference: {fileID: 0}
    - target: {fileID: 4651114564241926298, guid: 5c348d0bf4dc6b248af98d15a50358d9, type: 3}
      propertyPath: m_StaticEditorFlags
      value: 4294967295
      objectReference: {fileID: 0}
    - target: {fileID: 4651114564256934915, guid: 5c348d0bf4dc6b248af98d15a50358d9, type: 3}
      propertyPath: m_StaticEditorFlags
      value: 4294967295
      objectReference: {fileID: 0}
    - target: {fileID: 4651114564305561134, guid: 5c348d0bf4dc6b248af98d15a50358d9, type: 3}
      propertyPath: m_StaticEditorFlags
      value: 4294967295
      objectReference: {fileID: 0}
    - target: {fileID: 4651114564317788988, guid: 5c348d0bf4dc6b248af98d15a50358d9, type: 3}
      propertyPath: m_StaticEditorFlags
      value: 4294967295
      objectReference: {fileID: 0}
    - target: {fileID: 4651114564517561027, guid: 5c348d0bf4dc6b248af98d15a50358d9, type: 3}
      propertyPath: m_StaticEditorFlags
      value: 4294967295
      objectReference: {fileID: 0}
    - target: {fileID: 4651114564646138788, guid: 5c348d0bf4dc6b248af98d15a50358d9, type: 3}
      propertyPath: m_StaticEditorFlags
      value: 4294967295
      objectReference: {fileID: 0}
    - target: {fileID: 4651114564768310231, guid: 5c348d0bf4dc6b248af98d15a50358d9, type: 3}
      propertyPath: m_StaticEditorFlags
      value: 4294967295
      objectReference: {fileID: 0}
    - target: {fileID: 4651114565115674497, guid: 5c348d0bf4dc6b248af98d15a50358d9, type: 3}
      propertyPath: m_StaticEditorFlags
      value: 4294967295
      objectReference: {fileID: 0}
    - target: {fileID: 4651114565183068703, guid: 5c348d0bf4dc6b248af98d15a50358d9, type: 3}
      propertyPath: m_StaticEditorFlags
      value: 4294967295
      objectReference: {fileID: 0}
    - target: {fileID: 4651114565345216714, guid: 5c348d0bf4dc6b248af98d15a50358d9, type: 3}
      propertyPath: m_StaticEditorFlags
      value: 4294967295
      objectReference: {fileID: 0}
    - target: {fileID: 4651114565510415378, guid: 5c348d0bf4dc6b248af98d15a50358d9, type: 3}
      propertyPath: m_StaticEditorFlags
      value: 4294967295
      objectReference: {fileID: 0}
    - target: {fileID: 5498189104018874739, guid: 5c348d0bf4dc6b248af98d15a50358d9, type: 3}
      propertyPath: m_StaticEditorFlags
      value: 4294967295
      objectReference: {fileID: 0}
    - target: {fileID: 5498189104018874740, guid: 5c348d0bf4dc6b248af98d15a50358d9, type: 3}
      propertyPath: m_Mesh
      value: 
      objectReference: {fileID: 0}
    - target: {fileID: 5498189104018874741, guid: 5c348d0bf4dc6b248af98d15a50358d9, type: 3}
      propertyPath: m_Mesh
      value: 
      objectReference: {fileID: 0}
    - target: {fileID: 5498189104018874743, guid: 5c348d0bf4dc6b248af98d15a50358d9, type: 3}
      propertyPath: m_Mesh
      value: 
      objectReference: {fileID: 0}
    - target: {fileID: 5498189104027118729, guid: 5c348d0bf4dc6b248af98d15a50358d9, type: 3}
      propertyPath: m_Mesh
      value: 
      objectReference: {fileID: 0}
    - target: {fileID: 5498189104027118741, guid: 5c348d0bf4dc6b248af98d15a50358d9, type: 3}
      propertyPath: m_StaticEditorFlags
      value: 4294967295
      objectReference: {fileID: 0}
    - target: {fileID: 5498189104027118742, guid: 5c348d0bf4dc6b248af98d15a50358d9, type: 3}
      propertyPath: m_Mesh
      value: 
      objectReference: {fileID: 0}
    - target: {fileID: 5498189104027118743, guid: 5c348d0bf4dc6b248af98d15a50358d9, type: 3}
      propertyPath: m_Mesh
      value: 
      objectReference: {fileID: 0}
    - target: {fileID: 5498189104215010273, guid: 5c348d0bf4dc6b248af98d15a50358d9, type: 3}
      propertyPath: m_StaticEditorFlags
      value: 4294967295
      objectReference: {fileID: 0}
    - target: {fileID: 5498189104215010275, guid: 5c348d0bf4dc6b248af98d15a50358d9, type: 3}
      propertyPath: m_Mesh
      value: 
      objectReference: {fileID: 0}
    - target: {fileID: 5498189104215010276, guid: 5c348d0bf4dc6b248af98d15a50358d9, type: 3}
      propertyPath: m_Mesh
      value: 
      objectReference: {fileID: 0}
    - target: {fileID: 5498189104215010278, guid: 5c348d0bf4dc6b248af98d15a50358d9, type: 3}
      propertyPath: m_Mesh
      value: 
      objectReference: {fileID: 0}
    - target: {fileID: 5498189104215355280, guid: 5c348d0bf4dc6b248af98d15a50358d9, type: 3}
      propertyPath: m_Mesh
      value: 
      objectReference: {fileID: 0}
    - target: {fileID: 5498189104215355281, guid: 5c348d0bf4dc6b248af98d15a50358d9, type: 3}
      propertyPath: m_Mesh
      value: 
      objectReference: {fileID: 0}
    - target: {fileID: 5498189104215355283, guid: 5c348d0bf4dc6b248af98d15a50358d9, type: 3}
      propertyPath: m_Mesh
      value: 
      objectReference: {fileID: 0}
    - target: {fileID: 5498189104215355294, guid: 5c348d0bf4dc6b248af98d15a50358d9, type: 3}
      propertyPath: m_StaticEditorFlags
      value: 4294967295
      objectReference: {fileID: 0}
    - target: {fileID: 5498189104388424081, guid: 5c348d0bf4dc6b248af98d15a50358d9, type: 3}
      propertyPath: m_Materials.Array.data[0]
      value: 
      objectReference: {fileID: 2100000, guid: 686fcf5f0d009e545a3a025c8cf4974d, type: 2}
    - target: {fileID: 5498189104388424095, guid: 5c348d0bf4dc6b248af98d15a50358d9, type: 3}
      propertyPath: m_StaticEditorFlags
      value: 0
      objectReference: {fileID: 0}
    - target: {fileID: 5498189104427377513, guid: 5c348d0bf4dc6b248af98d15a50358d9, type: 3}
      propertyPath: m_Mesh
      value: 
      objectReference: {fileID: 0}
    - target: {fileID: 5498189104427377525, guid: 5c348d0bf4dc6b248af98d15a50358d9, type: 3}
      propertyPath: m_StaticEditorFlags
      value: 4294967295
      objectReference: {fileID: 0}
    - target: {fileID: 5498189104427377526, guid: 5c348d0bf4dc6b248af98d15a50358d9, type: 3}
      propertyPath: m_Mesh
      value: 
      objectReference: {fileID: 0}
    - target: {fileID: 5498189104427377527, guid: 5c348d0bf4dc6b248af98d15a50358d9, type: 3}
      propertyPath: m_Mesh
      value: 
      objectReference: {fileID: 0}
    - target: {fileID: 5498189104430345154, guid: 5c348d0bf4dc6b248af98d15a50358d9, type: 3}
      propertyPath: m_StaticEditorFlags
      value: 4294967295
      objectReference: {fileID: 0}
    - target: {fileID: 5498189104430345156, guid: 5c348d0bf4dc6b248af98d15a50358d9, type: 3}
      propertyPath: m_Mesh
      value: 
      objectReference: {fileID: 0}
    - target: {fileID: 5498189104430345157, guid: 5c348d0bf4dc6b248af98d15a50358d9, type: 3}
      propertyPath: m_Mesh
      value: 
      objectReference: {fileID: 0}
    - target: {fileID: 5498189104430345159, guid: 5c348d0bf4dc6b248af98d15a50358d9, type: 3}
      propertyPath: m_Mesh
      value: 
      objectReference: {fileID: 0}
    - target: {fileID: 5498189104676929785, guid: 5c348d0bf4dc6b248af98d15a50358d9, type: 3}
      propertyPath: m_StaticEditorFlags
      value: 0
      objectReference: {fileID: 0}
    - target: {fileID: 5498189104676929789, guid: 5c348d0bf4dc6b248af98d15a50358d9, type: 3}
      propertyPath: m_LocalPosition.y
      value: -1.09
      objectReference: {fileID: 0}
    - target: {fileID: 5498189104768202897, guid: 5c348d0bf4dc6b248af98d15a50358d9, type: 3}
      propertyPath: m_Mesh
      value: 
      objectReference: {fileID: 0}
    - target: {fileID: 5498189104768202908, guid: 5c348d0bf4dc6b248af98d15a50358d9, type: 3}
      propertyPath: m_StaticEditorFlags
      value: 4294967295
      objectReference: {fileID: 0}
    - target: {fileID: 5498189104768202910, guid: 5c348d0bf4dc6b248af98d15a50358d9, type: 3}
      propertyPath: m_Mesh
      value: 
      objectReference: {fileID: 0}
    - target: {fileID: 5498189104768202911, guid: 5c348d0bf4dc6b248af98d15a50358d9, type: 3}
      propertyPath: m_Mesh
      value: 
      objectReference: {fileID: 0}
    - target: {fileID: 5498189104885572007, guid: 5c348d0bf4dc6b248af98d15a50358d9, type: 3}
      propertyPath: m_StaticEditorFlags
      value: 4294967295
      objectReference: {fileID: 0}
    - target: {fileID: 5498189104885572057, guid: 5c348d0bf4dc6b248af98d15a50358d9, type: 3}
      propertyPath: m_Mesh
      value: 
      objectReference: {fileID: 0}
    - target: {fileID: 5498189104885572058, guid: 5c348d0bf4dc6b248af98d15a50358d9, type: 3}
      propertyPath: m_Mesh
      value: 
      objectReference: {fileID: 0}
    - target: {fileID: 5498189104885572061, guid: 5c348d0bf4dc6b248af98d15a50358d9, type: 3}
      propertyPath: m_Mesh
      value: 
      objectReference: {fileID: 0}
    - target: {fileID: 5498189104936953881, guid: 5c348d0bf4dc6b248af98d15a50358d9, type: 3}
      propertyPath: m_Mesh
      value: 
      objectReference: {fileID: 0}
    - target: {fileID: 5498189104936954085, guid: 5c348d0bf4dc6b248af98d15a50358d9, type: 3}
      propertyPath: m_StaticEditorFlags
      value: 4294967295
      objectReference: {fileID: 0}
    - target: {fileID: 5498189104936954086, guid: 5c348d0bf4dc6b248af98d15a50358d9, type: 3}
      propertyPath: m_Mesh
      value: 
      objectReference: {fileID: 0}
    - target: {fileID: 5498189104936954087, guid: 5c348d0bf4dc6b248af98d15a50358d9, type: 3}
      propertyPath: m_Mesh
      value: 
      objectReference: {fileID: 0}
    - target: {fileID: 5498189104972980921, guid: 5c348d0bf4dc6b248af98d15a50358d9, type: 3}
      propertyPath: m_StaticEditorFlags
      value: 4294967295
      objectReference: {fileID: 0}
    - target: {fileID: 5498189104972980922, guid: 5c348d0bf4dc6b248af98d15a50358d9, type: 3}
      propertyPath: m_Mesh
      value: 
      objectReference: {fileID: 0}
    - target: {fileID: 5498189104972980923, guid: 5c348d0bf4dc6b248af98d15a50358d9, type: 3}
      propertyPath: m_Mesh
      value: 
      objectReference: {fileID: 0}
    - target: {fileID: 5498189104972980925, guid: 5c348d0bf4dc6b248af98d15a50358d9, type: 3}
      propertyPath: m_Mesh
      value: 
      objectReference: {fileID: 0}
    - target: {fileID: 5498189104984668096, guid: 5c348d0bf4dc6b248af98d15a50358d9, type: 3}
      propertyPath: m_Mesh
      value: 
      objectReference: {fileID: 0}
    - target: {fileID: 5498189104984668098, guid: 5c348d0bf4dc6b248af98d15a50358d9, type: 3}
      propertyPath: m_Mesh
      value: 
      objectReference: {fileID: 0}
    - target: {fileID: 5498189104984668110, guid: 5c348d0bf4dc6b248af98d15a50358d9, type: 3}
      propertyPath: m_StaticEditorFlags
      value: 4294967295
      objectReference: {fileID: 0}
    - target: {fileID: 5498189104984668111, guid: 5c348d0bf4dc6b248af98d15a50358d9, type: 3}
      propertyPath: m_Mesh
      value: 
      objectReference: {fileID: 0}
    - target: {fileID: 5498189105043728481, guid: 5c348d0bf4dc6b248af98d15a50358d9, type: 3}
      propertyPath: m_Mesh
      value: 
      objectReference: {fileID: 0}
    - target: {fileID: 5498189105043728493, guid: 5c348d0bf4dc6b248af98d15a50358d9, type: 3}
      propertyPath: m_StaticEditorFlags
      value: 4294967295
      objectReference: {fileID: 0}
    - target: {fileID: 5498189105043728494, guid: 5c348d0bf4dc6b248af98d15a50358d9, type: 3}
      propertyPath: m_Mesh
      value: 
      objectReference: {fileID: 0}
    - target: {fileID: 5498189105043728495, guid: 5c348d0bf4dc6b248af98d15a50358d9, type: 3}
      propertyPath: m_Mesh
      value: 
      objectReference: {fileID: 0}
    - target: {fileID: 5498189105057270086, guid: 5c348d0bf4dc6b248af98d15a50358d9, type: 3}
      propertyPath: m_StaticEditorFlags
      value: 0
      objectReference: {fileID: 0}
    - target: {fileID: 5498189105057270136, guid: 5c348d0bf4dc6b248af98d15a50358d9, type: 3}
      propertyPath: m_Materials.Array.data[0]
      value: 
      objectReference: {fileID: 2100000, guid: 686fcf5f0d009e545a3a025c8cf4974d, type: 2}
    - target: {fileID: 5498189105078804113, guid: 5c348d0bf4dc6b248af98d15a50358d9, type: 3}
      propertyPath: m_Mesh
      value: 
      objectReference: {fileID: 0}
    - target: {fileID: 5498189105078804124, guid: 5c348d0bf4dc6b248af98d15a50358d9, type: 3}
      propertyPath: m_StaticEditorFlags
      value: 4294967295
      objectReference: {fileID: 0}
    - target: {fileID: 5498189105078804126, guid: 5c348d0bf4dc6b248af98d15a50358d9, type: 3}
      propertyPath: m_Mesh
      value: 
      objectReference: {fileID: 0}
    - target: {fileID: 5498189105078804127, guid: 5c348d0bf4dc6b248af98d15a50358d9, type: 3}
      propertyPath: m_Mesh
      value: 
      objectReference: {fileID: 0}
    - target: {fileID: 5498189105136374378, guid: 5c348d0bf4dc6b248af98d15a50358d9, type: 3}
      propertyPath: m_StaticEditorFlags
      value: 4294967295
      objectReference: {fileID: 0}
    - target: {fileID: 5498189105136374380, guid: 5c348d0bf4dc6b248af98d15a50358d9, type: 3}
      propertyPath: m_Mesh
      value: 
      objectReference: {fileID: 0}
    - target: {fileID: 5498189105136374381, guid: 5c348d0bf4dc6b248af98d15a50358d9, type: 3}
      propertyPath: m_Mesh
      value: 
      objectReference: {fileID: 0}
    - target: {fileID: 5498189105136374383, guid: 5c348d0bf4dc6b248af98d15a50358d9, type: 3}
      propertyPath: m_Mesh
      value: 
      objectReference: {fileID: 0}
    - target: {fileID: 5498189105183597298, guid: 5c348d0bf4dc6b248af98d15a50358d9, type: 3}
      propertyPath: m_Mesh
      value: 
      objectReference: {fileID: 0}
    - target: {fileID: 5498189105183597308, guid: 5c348d0bf4dc6b248af98d15a50358d9, type: 3}
      propertyPath: m_StaticEditorFlags
      value: 4294967295
      objectReference: {fileID: 0}
    - target: {fileID: 5498189105183597310, guid: 5c348d0bf4dc6b248af98d15a50358d9, type: 3}
      propertyPath: m_Mesh
      value: 
      objectReference: {fileID: 0}
    - target: {fileID: 5498189105183597311, guid: 5c348d0bf4dc6b248af98d15a50358d9, type: 3}
      propertyPath: m_Mesh
      value: 
      objectReference: {fileID: 0}
    - target: {fileID: 5498189105349323194, guid: 5c348d0bf4dc6b248af98d15a50358d9, type: 3}
      propertyPath: m_StaticEditorFlags
      value: 4294967295
      objectReference: {fileID: 0}
    - target: {fileID: 5498189105349323195, guid: 5c348d0bf4dc6b248af98d15a50358d9, type: 3}
      propertyPath: m_Mesh
      value: 
      objectReference: {fileID: 0}
    - target: {fileID: 5498189105349323196, guid: 5c348d0bf4dc6b248af98d15a50358d9, type: 3}
      propertyPath: m_Mesh
      value: 
      objectReference: {fileID: 0}
    - target: {fileID: 5498189105349323198, guid: 5c348d0bf4dc6b248af98d15a50358d9, type: 3}
      propertyPath: m_Mesh
      value: 
      objectReference: {fileID: 0}
    - target: {fileID: 5498189105437985713, guid: 5c348d0bf4dc6b248af98d15a50358d9, type: 3}
      propertyPath: m_Mesh
      value: 
      objectReference: {fileID: 0}
    - target: {fileID: 5498189105437985714, guid: 5c348d0bf4dc6b248af98d15a50358d9, type: 3}
      propertyPath: m_Mesh
      value: 
      objectReference: {fileID: 0}
    - target: {fileID: 5498189105437985717, guid: 5c348d0bf4dc6b248af98d15a50358d9, type: 3}
      propertyPath: m_Mesh
      value: 
      objectReference: {fileID: 0}
    - target: {fileID: 5498189105437985727, guid: 5c348d0bf4dc6b248af98d15a50358d9, type: 3}
      propertyPath: m_StaticEditorFlags
      value: 4294967295
      objectReference: {fileID: 0}
    - target: {fileID: 5498189105542605706, guid: 5c348d0bf4dc6b248af98d15a50358d9, type: 3}
      propertyPath: m_StaticEditorFlags
      value: 4294967295
      objectReference: {fileID: 0}
    - target: {fileID: 5498189105542605707, guid: 5c348d0bf4dc6b248af98d15a50358d9, type: 3}
      propertyPath: m_Mesh
      value: 
      objectReference: {fileID: 0}
    - target: {fileID: 5498189105542605708, guid: 5c348d0bf4dc6b248af98d15a50358d9, type: 3}
      propertyPath: m_Mesh
      value: 
      objectReference: {fileID: 0}
    - target: {fileID: 5498189105542605710, guid: 5c348d0bf4dc6b248af98d15a50358d9, type: 3}
      propertyPath: m_Mesh
      value: 
      objectReference: {fileID: 0}
    - target: {fileID: 5498189105560846161, guid: 5c348d0bf4dc6b248af98d15a50358d9, type: 3}
      propertyPath: m_Mesh
      value: 
      objectReference: {fileID: 0}
    - target: {fileID: 5498189105560846173, guid: 5c348d0bf4dc6b248af98d15a50358d9, type: 3}
      propertyPath: m_StaticEditorFlags
      value: 4294967295
      objectReference: {fileID: 0}
    - target: {fileID: 5498189105560846174, guid: 5c348d0bf4dc6b248af98d15a50358d9, type: 3}
      propertyPath: m_Mesh
      value: 
      objectReference: {fileID: 0}
    - target: {fileID: 5498189105560846175, guid: 5c348d0bf4dc6b248af98d15a50358d9, type: 3}
      propertyPath: m_Mesh
      value: 
      objectReference: {fileID: 0}
    - target: {fileID: 5498189105636106595, guid: 5c348d0bf4dc6b248af98d15a50358d9, type: 3}
      propertyPath: m_StaticEditorFlags
      value: 0
      objectReference: {fileID: 0}
    - target: {fileID: 5498189105636106597, guid: 5c348d0bf4dc6b248af98d15a50358d9, type: 3}
      propertyPath: m_Materials.Array.data[0]
      value: 
      objectReference: {fileID: 2100000, guid: 686fcf5f0d009e545a3a025c8cf4974d, type: 2}
    - target: {fileID: 5498189105636106599, guid: 5c348d0bf4dc6b248af98d15a50358d9, type: 3}
      propertyPath: m_LocalPosition.x
      value: 19.64
      objectReference: {fileID: 0}
    - target: {fileID: 5498189105636106599, guid: 5c348d0bf4dc6b248af98d15a50358d9, type: 3}
      propertyPath: m_LocalPosition.y
      value: 0.1
      objectReference: {fileID: 0}
    - target: {fileID: 5498189105636106599, guid: 5c348d0bf4dc6b248af98d15a50358d9, type: 3}
      propertyPath: m_LocalPosition.z
      value: 15.14
      objectReference: {fileID: 0}
    - target: {fileID: 5498189105684293522, guid: 5c348d0bf4dc6b248af98d15a50358d9, type: 3}
      propertyPath: m_StaticEditorFlags
      value: 4294967295
      objectReference: {fileID: 0}
    - target: {fileID: 5498189105684293523, guid: 5c348d0bf4dc6b248af98d15a50358d9, type: 3}
      propertyPath: m_Mesh
      value: 
      objectReference: {fileID: 0}
    - target: {fileID: 5498189105684293524, guid: 5c348d0bf4dc6b248af98d15a50358d9, type: 3}
      propertyPath: m_Mesh
      value: 
      objectReference: {fileID: 0}
    - target: {fileID: 5498189105684293526, guid: 5c348d0bf4dc6b248af98d15a50358d9, type: 3}
      propertyPath: m_Mesh
      value: 
      objectReference: {fileID: 0}
    - target: {fileID: 5498189105955728182, guid: 5c348d0bf4dc6b248af98d15a50358d9, type: 3}
      propertyPath: m_Name
      value: Tile10_Blocked
      objectReference: {fileID: 0}
    - target: {fileID: 5498189105955728182, guid: 5c348d0bf4dc6b248af98d15a50358d9, type: 3}
      propertyPath: m_StaticEditorFlags
      value: 4294967295
      objectReference: {fileID: 0}
    - target: {fileID: 5498189105955728183, guid: 5c348d0bf4dc6b248af98d15a50358d9, type: 3}
      propertyPath: m_RootOrder
      value: 2
      objectReference: {fileID: 0}
    - target: {fileID: 5498189105955728183, guid: 5c348d0bf4dc6b248af98d15a50358d9, type: 3}
      propertyPath: m_LocalPosition.x
      value: 40
      objectReference: {fileID: 0}
    - target: {fileID: 5498189105955728183, guid: 5c348d0bf4dc6b248af98d15a50358d9, type: 3}
      propertyPath: m_LocalPosition.y
      value: 0
      objectReference: {fileID: 0}
    - target: {fileID: 5498189105955728183, guid: 5c348d0bf4dc6b248af98d15a50358d9, type: 3}
      propertyPath: m_LocalPosition.z
      value: 0
      objectReference: {fileID: 0}
    - target: {fileID: 5498189105955728183, guid: 5c348d0bf4dc6b248af98d15a50358d9, type: 3}
      propertyPath: m_LocalRotation.w
      value: 0.7071068
      objectReference: {fileID: 0}
    - target: {fileID: 5498189105955728183, guid: 5c348d0bf4dc6b248af98d15a50358d9, type: 3}
      propertyPath: m_LocalRotation.x
      value: 0
      objectReference: {fileID: 0}
    - target: {fileID: 5498189105955728183, guid: 5c348d0bf4dc6b248af98d15a50358d9, type: 3}
      propertyPath: m_LocalRotation.y
      value: -0.7071068
      objectReference: {fileID: 0}
    - target: {fileID: 5498189105955728183, guid: 5c348d0bf4dc6b248af98d15a50358d9, type: 3}
      propertyPath: m_LocalRotation.z
      value: 0
      objectReference: {fileID: 0}
    - target: {fileID: 5498189105955728183, guid: 5c348d0bf4dc6b248af98d15a50358d9, type: 3}
      propertyPath: m_LocalEulerAnglesHint.x
      value: 0
      objectReference: {fileID: 0}
    - target: {fileID: 5498189105955728183, guid: 5c348d0bf4dc6b248af98d15a50358d9, type: 3}
      propertyPath: m_LocalEulerAnglesHint.y
      value: -90
      objectReference: {fileID: 0}
    - target: {fileID: 5498189105955728183, guid: 5c348d0bf4dc6b248af98d15a50358d9, type: 3}
      propertyPath: m_LocalEulerAnglesHint.z
      value: 0
      objectReference: {fileID: 0}
    - target: {fileID: 5498189106074354201, guid: 5c348d0bf4dc6b248af98d15a50358d9, type: 3}
      propertyPath: m_Mesh
      value: 
      objectReference: {fileID: 0}
    - target: {fileID: 5498189106074354202, guid: 5c348d0bf4dc6b248af98d15a50358d9, type: 3}
      propertyPath: m_Mesh
      value: 
      objectReference: {fileID: 0}
    - target: {fileID: 5498189106074354204, guid: 5c348d0bf4dc6b248af98d15a50358d9, type: 3}
      propertyPath: m_Mesh
      value: 
      objectReference: {fileID: 0}
    - target: {fileID: 5498189106074354407, guid: 5c348d0bf4dc6b248af98d15a50358d9, type: 3}
      propertyPath: m_StaticEditorFlags
      value: 4294967295
      objectReference: {fileID: 0}
    m_RemovedComponents: []
  m_SourcePrefab: {fileID: 100100000, guid: 5c348d0bf4dc6b248af98d15a50358d9, type: 3}
--- !u!1001 &3605615917311242879
PrefabInstance:
  m_ObjectHideFlags: 0
  serializedVersion: 2
  m_Modification:
    m_TransformParent: {fileID: 663018718662178355}
    m_Modifications:
    - target: {fileID: 8146000902863102088, guid: 35bd0a9260826ba4e91ef94f25ecb625, type: 3}
      propertyPath: m_Name
      value: dryGrass Variant (1)
      objectReference: {fileID: 0}
    - target: {fileID: 8811213531641477682, guid: 35bd0a9260826ba4e91ef94f25ecb625, type: 3}
      propertyPath: m_RootOrder
      value: 5
      objectReference: {fileID: 0}
    - target: {fileID: 8811213531641477682, guid: 35bd0a9260826ba4e91ef94f25ecb625, type: 3}
      propertyPath: m_LocalScale.x
      value: 71.1611
      objectReference: {fileID: 0}
    - target: {fileID: 8811213531641477682, guid: 35bd0a9260826ba4e91ef94f25ecb625, type: 3}
      propertyPath: m_LocalScale.z
      value: 71.1611
      objectReference: {fileID: 0}
    - target: {fileID: 8811213531641477682, guid: 35bd0a9260826ba4e91ef94f25ecb625, type: 3}
      propertyPath: m_LocalPosition.x
      value: 4.8816357
      objectReference: {fileID: 0}
    - target: {fileID: 8811213531641477682, guid: 35bd0a9260826ba4e91ef94f25ecb625, type: 3}
      propertyPath: m_LocalPosition.y
      value: 0.88
      objectReference: {fileID: 0}
    - target: {fileID: 8811213531641477682, guid: 35bd0a9260826ba4e91ef94f25ecb625, type: 3}
      propertyPath: m_LocalPosition.z
      value: 32.519844
      objectReference: {fileID: 0}
    - target: {fileID: 8811213531641477682, guid: 35bd0a9260826ba4e91ef94f25ecb625, type: 3}
      propertyPath: m_LocalRotation.w
      value: -0.8333624
      objectReference: {fileID: 0}
    - target: {fileID: 8811213531641477682, guid: 35bd0a9260826ba4e91ef94f25ecb625, type: 3}
      propertyPath: m_LocalRotation.x
      value: -0
      objectReference: {fileID: 0}
    - target: {fileID: 8811213531641477682, guid: 35bd0a9260826ba4e91ef94f25ecb625, type: 3}
      propertyPath: m_LocalRotation.y
      value: 0.552727
      objectReference: {fileID: 0}
    - target: {fileID: 8811213531641477682, guid: 35bd0a9260826ba4e91ef94f25ecb625, type: 3}
      propertyPath: m_LocalRotation.z
      value: -0
      objectReference: {fileID: 0}
    - target: {fileID: 8811213531641477682, guid: 35bd0a9260826ba4e91ef94f25ecb625, type: 3}
      propertyPath: m_LocalEulerAnglesHint.x
      value: 0
      objectReference: {fileID: 0}
    - target: {fileID: 8811213531641477682, guid: 35bd0a9260826ba4e91ef94f25ecb625, type: 3}
      propertyPath: m_LocalEulerAnglesHint.y
      value: 0
      objectReference: {fileID: 0}
    - target: {fileID: 8811213531641477682, guid: 35bd0a9260826ba4e91ef94f25ecb625, type: 3}
      propertyPath: m_LocalEulerAnglesHint.z
      value: 0
      objectReference: {fileID: 0}
    m_RemovedComponents: []
  m_SourcePrefab: {fileID: 100100000, guid: 35bd0a9260826ba4e91ef94f25ecb625, type: 3}
--- !u!1001 &4533194653700611121
PrefabInstance:
  m_ObjectHideFlags: 0
  serializedVersion: 2
  m_Modification:
    m_TransformParent: {fileID: 663018718662178355}
    m_Modifications:
    - target: {fileID: 5961411280505807885, guid: 18881870338bf9242a333bbe0ea41599, type: 3}
      propertyPath: m_RootOrder
      value: 11
      objectReference: {fileID: 0}
    - target: {fileID: 5961411280505807885, guid: 18881870338bf9242a333bbe0ea41599, type: 3}
      propertyPath: m_LocalScale.x
      value: 0.0055000004
      objectReference: {fileID: 0}
    - target: {fileID: 5961411280505807885, guid: 18881870338bf9242a333bbe0ea41599, type: 3}
      propertyPath: m_LocalScale.y
      value: 0.0060016
      objectReference: {fileID: 0}
    - target: {fileID: 5961411280505807885, guid: 18881870338bf9242a333bbe0ea41599, type: 3}
      propertyPath: m_LocalScale.z
      value: 0.0055000004
      objectReference: {fileID: 0}
    - target: {fileID: 5961411280505807885, guid: 18881870338bf9242a333bbe0ea41599, type: 3}
      propertyPath: m_LocalPosition.x
      value: 36.442696
      objectReference: {fileID: 0}
    - target: {fileID: 5961411280505807885, guid: 18881870338bf9242a333bbe0ea41599, type: 3}
      propertyPath: m_LocalPosition.y
      value: 1.13
      objectReference: {fileID: 0}
    - target: {fileID: 5961411280505807885, guid: 18881870338bf9242a333bbe0ea41599, type: 3}
      propertyPath: m_LocalPosition.z
      value: 10.188137
      objectReference: {fileID: 0}
    - target: {fileID: 5961411280505807885, guid: 18881870338bf9242a333bbe0ea41599, type: 3}
      propertyPath: m_LocalRotation.w
      value: 0.8858954
      objectReference: {fileID: 0}
    - target: {fileID: 5961411280505807885, guid: 18881870338bf9242a333bbe0ea41599, type: 3}
      propertyPath: m_LocalRotation.x
      value: 0.13554154
      objectReference: {fileID: 0}
    - target: {fileID: 5961411280505807885, guid: 18881870338bf9242a333bbe0ea41599, type: 3}
      propertyPath: m_LocalRotation.y
      value: -0.43853852
      objectReference: {fileID: 0}
    - target: {fileID: 5961411280505807885, guid: 18881870338bf9242a333bbe0ea41599, type: 3}
      propertyPath: m_LocalRotation.z
      value: -0.067096174
      objectReference: {fileID: 0}
    - target: {fileID: 5961411280505807885, guid: 18881870338bf9242a333bbe0ea41599, type: 3}
      propertyPath: m_LocalEulerAnglesHint.x
      value: 10.446
      objectReference: {fileID: 0}
    - target: {fileID: 5961411280505807885, guid: 18881870338bf9242a333bbe0ea41599, type: 3}
      propertyPath: m_LocalEulerAnglesHint.y
      value: -53.958
      objectReference: {fileID: 0}
    - target: {fileID: 5961411280505807885, guid: 18881870338bf9242a333bbe0ea41599, type: 3}
      propertyPath: m_LocalEulerAnglesHint.z
      value: -13.991
      objectReference: {fileID: 0}
    - target: {fileID: 6480960604797304503, guid: 18881870338bf9242a333bbe0ea41599, type: 3}
      propertyPath: m_Name
      value: Pillar_Rectangle_Platform_Broken_2
      objectReference: {fileID: 0}
    m_RemovedComponents: []
  m_SourcePrefab: {fileID: 100100000, guid: 18881870338bf9242a333bbe0ea41599, type: 3}
--- !u!1001 &4655357742507333908
PrefabInstance:
  m_ObjectHideFlags: 0
  serializedVersion: 2
  m_Modification:
    m_TransformParent: {fileID: 663018718662178355}
    m_Modifications:
    - target: {fileID: 2849306377007379546, guid: 2f2d4de80ca8dfe47b3cdb4af36f7634, type: 3}
      propertyPath: m_Name
      value: GrassNew Variant
      objectReference: {fileID: 0}
    - target: {fileID: 3224882590002966240, guid: 2f2d4de80ca8dfe47b3cdb4af36f7634, type: 3}
      propertyPath: m_RootOrder
      value: 4
      objectReference: {fileID: 0}
    - target: {fileID: 3224882590002966240, guid: 2f2d4de80ca8dfe47b3cdb4af36f7634, type: 3}
      propertyPath: m_LocalPosition.x
      value: 5.45092
      objectReference: {fileID: 0}
    - target: {fileID: 3224882590002966240, guid: 2f2d4de80ca8dfe47b3cdb4af36f7634, type: 3}
      propertyPath: m_LocalPosition.y
      value: 0.51
      objectReference: {fileID: 0}
    - target: {fileID: 3224882590002966240, guid: 2f2d4de80ca8dfe47b3cdb4af36f7634, type: 3}
      propertyPath: m_LocalPosition.z
      value: 33.51553
      objectReference: {fileID: 0}
    - target: {fileID: 3224882590002966240, guid: 2f2d4de80ca8dfe47b3cdb4af36f7634, type: 3}
      propertyPath: m_LocalRotation.w
      value: 1
      objectReference: {fileID: 0}
    - target: {fileID: 3224882590002966240, guid: 2f2d4de80ca8dfe47b3cdb4af36f7634, type: 3}
      propertyPath: m_LocalRotation.x
      value: -0
      objectReference: {fileID: 0}
    - target: {fileID: 3224882590002966240, guid: 2f2d4de80ca8dfe47b3cdb4af36f7634, type: 3}
      propertyPath: m_LocalRotation.y
      value: -0
      objectReference: {fileID: 0}
    - target: {fileID: 3224882590002966240, guid: 2f2d4de80ca8dfe47b3cdb4af36f7634, type: 3}
      propertyPath: m_LocalRotation.z
      value: -0
      objectReference: {fileID: 0}
    - target: {fileID: 3224882590002966240, guid: 2f2d4de80ca8dfe47b3cdb4af36f7634, type: 3}
      propertyPath: m_LocalEulerAnglesHint.x
      value: 0
      objectReference: {fileID: 0}
    - target: {fileID: 3224882590002966240, guid: 2f2d4de80ca8dfe47b3cdb4af36f7634, type: 3}
      propertyPath: m_LocalEulerAnglesHint.y
      value: 0
      objectReference: {fileID: 0}
    - target: {fileID: 3224882590002966240, guid: 2f2d4de80ca8dfe47b3cdb4af36f7634, type: 3}
      propertyPath: m_LocalEulerAnglesHint.z
      value: 0
      objectReference: {fileID: 0}
    m_RemovedComponents: []
  m_SourcePrefab: {fileID: 100100000, guid: 2f2d4de80ca8dfe47b3cdb4af36f7634, type: 3}
--- !u!1001 &5527727236463434065
PrefabInstance:
  m_ObjectHideFlags: 0
  serializedVersion: 2
  m_Modification:
    m_TransformParent: {fileID: 663018718662178355}
    m_Modifications:
    - target: {fileID: 4916478381901665201, guid: c3eea2bc1815e68429648e6f4474d631, type: 3}
      propertyPath: m_Name
      value: ivy Variant
      objectReference: {fileID: 0}
    - target: {fileID: 5724365013889747211, guid: c3eea2bc1815e68429648e6f4474d631, type: 3}
      propertyPath: m_RootOrder
      value: 7
      objectReference: {fileID: 0}
    - target: {fileID: 5724365013889747211, guid: c3eea2bc1815e68429648e6f4474d631, type: 3}
      propertyPath: m_LocalScale.x
      value: 306.56
      objectReference: {fileID: 0}
    - target: {fileID: 5724365013889747211, guid: c3eea2bc1815e68429648e6f4474d631, type: 3}
      propertyPath: m_LocalScale.y
      value: 306.56
      objectReference: {fileID: 0}
    - target: {fileID: 5724365013889747211, guid: c3eea2bc1815e68429648e6f4474d631, type: 3}
      propertyPath: m_LocalScale.z
      value: 306.56
      objectReference: {fileID: 0}
    - target: {fileID: 5724365013889747211, guid: c3eea2bc1815e68429648e6f4474d631, type: 3}
      propertyPath: m_LocalPosition.x
      value: 4.38
      objectReference: {fileID: 0}
    - target: {fileID: 5724365013889747211, guid: c3eea2bc1815e68429648e6f4474d631, type: 3}
      propertyPath: m_LocalPosition.y
      value: 5.24
      objectReference: {fileID: 0}
    - target: {fileID: 5724365013889747211, guid: c3eea2bc1815e68429648e6f4474d631, type: 3}
      propertyPath: m_LocalPosition.z
      value: 26.3
      objectReference: {fileID: 0}
    - target: {fileID: 5724365013889747211, guid: c3eea2bc1815e68429648e6f4474d631, type: 3}
      propertyPath: m_LocalRotation.w
      value: 0.4905409
      objectReference: {fileID: 0}
    - target: {fileID: 5724365013889747211, guid: c3eea2bc1815e68429648e6f4474d631, type: 3}
      propertyPath: m_LocalRotation.x
      value: 0.4905409
      objectReference: {fileID: 0}
    - target: {fileID: 5724365013889747211, guid: c3eea2bc1815e68429648e6f4474d631, type: 3}
      propertyPath: m_LocalRotation.y
      value: 0.5092834
      objectReference: {fileID: 0}
    - target: {fileID: 5724365013889747211, guid: c3eea2bc1815e68429648e6f4474d631, type: 3}
      propertyPath: m_LocalRotation.z
      value: -0.5092834
      objectReference: {fileID: 0}
    - target: {fileID: 5724365013889747211, guid: c3eea2bc1815e68429648e6f4474d631, type: 3}
      propertyPath: m_LocalEulerAnglesHint.x
      value: 90
      objectReference: {fileID: 0}
    - target: {fileID: 5724365013889747211, guid: c3eea2bc1815e68429648e6f4474d631, type: 3}
      propertyPath: m_LocalEulerAnglesHint.y
      value: 0
      objectReference: {fileID: 0}
    - target: {fileID: 5724365013889747211, guid: c3eea2bc1815e68429648e6f4474d631, type: 3}
      propertyPath: m_LocalEulerAnglesHint.z
      value: -92.148
      objectReference: {fileID: 0}
    m_RemovedComponents: []
  m_SourcePrefab: {fileID: 100100000, guid: c3eea2bc1815e68429648e6f4474d631, type: 3}
--- !u!1001 &7835648238037043866
PrefabInstance:
  m_ObjectHideFlags: 0
  serializedVersion: 2
  m_Modification:
    m_TransformParent: {fileID: 663018718662178355}
    m_Modifications:
    - target: {fileID: 2849306377007379546, guid: 2f2d4de80ca8dfe47b3cdb4af36f7634, type: 3}
      propertyPath: m_Name
      value: GrassNew Variant (1)
      objectReference: {fileID: 0}
    - target: {fileID: 3224882590002966240, guid: 2f2d4de80ca8dfe47b3cdb4af36f7634, type: 3}
      propertyPath: m_RootOrder
      value: 16
      objectReference: {fileID: 0}
    - target: {fileID: 3224882590002966240, guid: 2f2d4de80ca8dfe47b3cdb4af36f7634, type: 3}
      propertyPath: m_LocalScale.x
      value: 126.37001
      objectReference: {fileID: 0}
    - target: {fileID: 3224882590002966240, guid: 2f2d4de80ca8dfe47b3cdb4af36f7634, type: 3}
      propertyPath: m_LocalScale.z
      value: 126.37001
      objectReference: {fileID: 0}
    - target: {fileID: 3224882590002966240, guid: 2f2d4de80ca8dfe47b3cdb4af36f7634, type: 3}
      propertyPath: m_LocalPosition.x
      value: 5.763
      objectReference: {fileID: 0}
    - target: {fileID: 3224882590002966240, guid: 2f2d4de80ca8dfe47b3cdb4af36f7634, type: 3}
      propertyPath: m_LocalPosition.y
      value: 0.43
      objectReference: {fileID: 0}
    - target: {fileID: 3224882590002966240, guid: 2f2d4de80ca8dfe47b3cdb4af36f7634, type: 3}
      propertyPath: m_LocalPosition.z
      value: 34.391
      objectReference: {fileID: 0}
    - target: {fileID: 3224882590002966240, guid: 2f2d4de80ca8dfe47b3cdb4af36f7634, type: 3}
      propertyPath: m_LocalRotation.w
      value: 0.9220927
      objectReference: {fileID: 0}
    - target: {fileID: 3224882590002966240, guid: 2f2d4de80ca8dfe47b3cdb4af36f7634, type: 3}
      propertyPath: m_LocalRotation.x
      value: -0
      objectReference: {fileID: 0}
    - target: {fileID: 3224882590002966240, guid: 2f2d4de80ca8dfe47b3cdb4af36f7634, type: 3}
      propertyPath: m_LocalRotation.y
      value: -0.38696915
      objectReference: {fileID: 0}
    - target: {fileID: 3224882590002966240, guid: 2f2d4de80ca8dfe47b3cdb4af36f7634, type: 3}
      propertyPath: m_LocalRotation.z
      value: -0
      objectReference: {fileID: 0}
    - target: {fileID: 3224882590002966240, guid: 2f2d4de80ca8dfe47b3cdb4af36f7634, type: 3}
      propertyPath: m_LocalEulerAnglesHint.x
      value: 0
      objectReference: {fileID: 0}
    - target: {fileID: 3224882590002966240, guid: 2f2d4de80ca8dfe47b3cdb4af36f7634, type: 3}
      propertyPath: m_LocalEulerAnglesHint.y
      value: -45.532
      objectReference: {fileID: 0}
    - target: {fileID: 3224882590002966240, guid: 2f2d4de80ca8dfe47b3cdb4af36f7634, type: 3}
      propertyPath: m_LocalEulerAnglesHint.z
      value: 0
      objectReference: {fileID: 0}
    m_RemovedComponents: []
  m_SourcePrefab: {fileID: 100100000, guid: 2f2d4de80ca8dfe47b3cdb4af36f7634, type: 3}
--- !u!1001 &8341384965380253024
PrefabInstance:
  m_ObjectHideFlags: 0
  serializedVersion: 2
  m_Modification:
    m_TransformParent: {fileID: 663018718662178355}
    m_Modifications:
    - target: {fileID: 8146000902863102088, guid: 35bd0a9260826ba4e91ef94f25ecb625, type: 3}
      propertyPath: m_Name
      value: dryGrass Variant
      objectReference: {fileID: 0}
    - target: {fileID: 8811213531641477682, guid: 35bd0a9260826ba4e91ef94f25ecb625, type: 3}
      propertyPath: m_RootOrder
      value: 6
      objectReference: {fileID: 0}
    - target: {fileID: 8811213531641477682, guid: 35bd0a9260826ba4e91ef94f25ecb625, type: 3}
      propertyPath: m_LocalScale.x
      value: 197.34395
      objectReference: {fileID: 0}
    - target: {fileID: 8811213531641477682, guid: 35bd0a9260826ba4e91ef94f25ecb625, type: 3}
      propertyPath: m_LocalScale.y
      value: 197.34395
      objectReference: {fileID: 0}
    - target: {fileID: 8811213531641477682, guid: 35bd0a9260826ba4e91ef94f25ecb625, type: 3}
      propertyPath: m_LocalScale.z
      value: 197.34395
      objectReference: {fileID: 0}
    - target: {fileID: 8811213531641477682, guid: 35bd0a9260826ba4e91ef94f25ecb625, type: 3}
      propertyPath: m_LocalPosition.x
      value: 6.43
      objectReference: {fileID: 0}
    - target: {fileID: 8811213531641477682, guid: 35bd0a9260826ba4e91ef94f25ecb625, type: 3}
      propertyPath: m_LocalPosition.y
      value: 0.21
      objectReference: {fileID: 0}
    - target: {fileID: 8811213531641477682, guid: 35bd0a9260826ba4e91ef94f25ecb625, type: 3}
      propertyPath: m_LocalPosition.z
      value: 34.89
      objectReference: {fileID: 0}
    - target: {fileID: 8811213531641477682, guid: 35bd0a9260826ba4e91ef94f25ecb625, type: 3}
      propertyPath: m_LocalRotation.w
      value: -0.8333624
      objectReference: {fileID: 0}
    - target: {fileID: 8811213531641477682, guid: 35bd0a9260826ba4e91ef94f25ecb625, type: 3}
      propertyPath: m_LocalRotation.x
      value: -0
      objectReference: {fileID: 0}
    - target: {fileID: 8811213531641477682, guid: 35bd0a9260826ba4e91ef94f25ecb625, type: 3}
      propertyPath: m_LocalRotation.y
      value: 0.552727
      objectReference: {fileID: 0}
    - target: {fileID: 8811213531641477682, guid: 35bd0a9260826ba4e91ef94f25ecb625, type: 3}
      propertyPath: m_LocalRotation.z
      value: -0
      objectReference: {fileID: 0}
    - target: {fileID: 8811213531641477682, guid: 35bd0a9260826ba4e91ef94f25ecb625, type: 3}
      propertyPath: m_LocalEulerAnglesHint.x
      value: 0
      objectReference: {fileID: 0}
    - target: {fileID: 8811213531641477682, guid: 35bd0a9260826ba4e91ef94f25ecb625, type: 3}
      propertyPath: m_LocalEulerAnglesHint.y
      value: 0
      objectReference: {fileID: 0}
    - target: {fileID: 8811213531641477682, guid: 35bd0a9260826ba4e91ef94f25ecb625, type: 3}
      propertyPath: m_LocalEulerAnglesHint.z
      value: 0
      objectReference: {fileID: 0}
    m_RemovedComponents: []
  m_SourcePrefab: {fileID: 100100000, guid: 35bd0a9260826ba4e91ef94f25ecb625, type: 3}
--- !u!1001 &8372783829040557784
PrefabInstance:
  m_ObjectHideFlags: 0
  serializedVersion: 2
  m_Modification:
    m_TransformParent: {fileID: 663018718662178355}
    m_Modifications:
    - target: {fileID: 6290448513028969772, guid: fa968349480d9c6469c5be463cb77c90, type: 3}
      propertyPath: m_RootOrder
      value: 15
      objectReference: {fileID: 0}
    - target: {fileID: 6290448513028969772, guid: fa968349480d9c6469c5be463cb77c90, type: 3}
      propertyPath: m_LocalPosition.x
      value: 38.933956
      objectReference: {fileID: 0}
    - target: {fileID: 6290448513028969772, guid: fa968349480d9c6469c5be463cb77c90, type: 3}
      propertyPath: m_LocalPosition.y
      value: -0.08
      objectReference: {fileID: 0}
    - target: {fileID: 6290448513028969772, guid: fa968349480d9c6469c5be463cb77c90, type: 3}
      propertyPath: m_LocalPosition.z
      value: 21.47
      objectReference: {fileID: 0}
    - target: {fileID: 6290448513028969772, guid: fa968349480d9c6469c5be463cb77c90, type: 3}
      propertyPath: m_LocalRotation.w
      value: 1
      objectReference: {fileID: 0}
    - target: {fileID: 6290448513028969772, guid: fa968349480d9c6469c5be463cb77c90, type: 3}
      propertyPath: m_LocalRotation.x
      value: -0
      objectReference: {fileID: 0}
    - target: {fileID: 6290448513028969772, guid: fa968349480d9c6469c5be463cb77c90, type: 3}
      propertyPath: m_LocalRotation.y
      value: -0
      objectReference: {fileID: 0}
    - target: {fileID: 6290448513028969772, guid: fa968349480d9c6469c5be463cb77c90, type: 3}
      propertyPath: m_LocalRotation.z
      value: -0
      objectReference: {fileID: 0}
    - target: {fileID: 6290448513028969772, guid: fa968349480d9c6469c5be463cb77c90, type: 3}
      propertyPath: m_LocalEulerAnglesHint.x
      value: 0
      objectReference: {fileID: 0}
    - target: {fileID: 6290448513028969772, guid: fa968349480d9c6469c5be463cb77c90, type: 3}
      propertyPath: m_LocalEulerAnglesHint.y
      value: 0
      objectReference: {fileID: 0}
    - target: {fileID: 6290448513028969772, guid: fa968349480d9c6469c5be463cb77c90, type: 3}
      propertyPath: m_LocalEulerAnglesHint.z
      value: 0
      objectReference: {fileID: 0}
    - target: {fileID: 6631542981051125654, guid: fa968349480d9c6469c5be463cb77c90, type: 3}
      propertyPath: m_Name
      value: Pillar_Part_Base
      objectReference: {fileID: 0}
    m_RemovedComponents: []
  m_SourcePrefab: {fileID: 100100000, guid: fa968349480d9c6469c5be463cb77c90, type: 3}
--- !u!1001 &8699032349515324323
PrefabInstance:
  m_ObjectHideFlags: 0
  serializedVersion: 2
  m_Modification:
    m_TransformParent: {fileID: 663018718662178355}
    m_Modifications:
    - target: {fileID: 2849306377007379546, guid: 2f2d4de80ca8dfe47b3cdb4af36f7634, type: 3}
      propertyPath: m_Name
      value: GrassNew Variant (2)
      objectReference: {fileID: 0}
    - target: {fileID: 3224882590002966240, guid: 2f2d4de80ca8dfe47b3cdb4af36f7634, type: 3}
      propertyPath: m_RootOrder
      value: 17
      objectReference: {fileID: 0}
    - target: {fileID: 3224882590002966240, guid: 2f2d4de80ca8dfe47b3cdb4af36f7634, type: 3}
      propertyPath: m_LocalPosition.x
      value: 4.961
      objectReference: {fileID: 0}
    - target: {fileID: 3224882590002966240, guid: 2f2d4de80ca8dfe47b3cdb4af36f7634, type: 3}
      propertyPath: m_LocalPosition.y
      value: 0.762
      objectReference: {fileID: 0}
    - target: {fileID: 3224882590002966240, guid: 2f2d4de80ca8dfe47b3cdb4af36f7634, type: 3}
      propertyPath: m_LocalPosition.z
      value: 32.76
      objectReference: {fileID: 0}
    - target: {fileID: 3224882590002966240, guid: 2f2d4de80ca8dfe47b3cdb4af36f7634, type: 3}
      propertyPath: m_LocalRotation.w
      value: 1
      objectReference: {fileID: 0}
    - target: {fileID: 3224882590002966240, guid: 2f2d4de80ca8dfe47b3cdb4af36f7634, type: 3}
      propertyPath: m_LocalRotation.x
      value: -0
      objectReference: {fileID: 0}
    - target: {fileID: 3224882590002966240, guid: 2f2d4de80ca8dfe47b3cdb4af36f7634, type: 3}
      propertyPath: m_LocalRotation.y
      value: -0
      objectReference: {fileID: 0}
    - target: {fileID: 3224882590002966240, guid: 2f2d4de80ca8dfe47b3cdb4af36f7634, type: 3}
      propertyPath: m_LocalRotation.z
      value: -0
      objectReference: {fileID: 0}
    - target: {fileID: 3224882590002966240, guid: 2f2d4de80ca8dfe47b3cdb4af36f7634, type: 3}
      propertyPath: m_LocalEulerAnglesHint.x
      value: 0
      objectReference: {fileID: 0}
    - target: {fileID: 3224882590002966240, guid: 2f2d4de80ca8dfe47b3cdb4af36f7634, type: 3}
      propertyPath: m_LocalEulerAnglesHint.y
      value: 0
      objectReference: {fileID: 0}
    - target: {fileID: 3224882590002966240, guid: 2f2d4de80ca8dfe47b3cdb4af36f7634, type: 3}
      propertyPath: m_LocalEulerAnglesHint.z
      value: 0
      objectReference: {fileID: 0}
    m_RemovedComponents: []
  m_SourcePrefab: {fileID: 100100000, guid: 2f2d4de80ca8dfe47b3cdb4af36f7634, type: 3}
--- !u!1001 &8738065785964932438
PrefabInstance:
  m_ObjectHideFlags: 0
  serializedVersion: 2
  m_Modification:
    m_TransformParent: {fileID: 663018718662178355}
    m_Modifications:
    - target: {fileID: 1381963736591161857, guid: 7e6223eb03345074aa8e5bdd5f6f826a, type: 3}
      propertyPath: m_RootOrder
      value: 9
      objectReference: {fileID: 0}
    - target: {fileID: 1381963736591161857, guid: 7e6223eb03345074aa8e5bdd5f6f826a, type: 3}
      propertyPath: m_LocalScale.y
      value: 0.010000001
      objectReference: {fileID: 0}
    - target: {fileID: 1381963736591161857, guid: 7e6223eb03345074aa8e5bdd5f6f826a, type: 3}
      propertyPath: m_LocalScale.z
      value: 0.010000001
      objectReference: {fileID: 0}
    - target: {fileID: 1381963736591161857, guid: 7e6223eb03345074aa8e5bdd5f6f826a, type: 3}
      propertyPath: m_LocalPosition.x
      value: 20.856216
      objectReference: {fileID: 0}
    - target: {fileID: 1381963736591161857, guid: 7e6223eb03345074aa8e5bdd5f6f826a, type: 3}
      propertyPath: m_LocalPosition.y
      value: -0.2
      objectReference: {fileID: 0}
    - target: {fileID: 1381963736591161857, guid: 7e6223eb03345074aa8e5bdd5f6f826a, type: 3}
      propertyPath: m_LocalPosition.z
      value: 12.166807
      objectReference: {fileID: 0}
    - target: {fileID: 1381963736591161857, guid: 7e6223eb03345074aa8e5bdd5f6f826a, type: 3}
      propertyPath: m_LocalRotation.w
      value: 0.9877439
      objectReference: {fileID: 0}
    - target: {fileID: 1381963736591161857, guid: 7e6223eb03345074aa8e5bdd5f6f826a, type: 3}
      propertyPath: m_LocalRotation.x
      value: -0.15608321
      objectReference: {fileID: 0}
    - target: {fileID: 1381963736591161857, guid: 7e6223eb03345074aa8e5bdd5f6f826a, type: 3}
      propertyPath: m_LocalRotation.y
      value: -0
      objectReference: {fileID: 0}
    - target: {fileID: 1381963736591161857, guid: 7e6223eb03345074aa8e5bdd5f6f826a, type: 3}
      propertyPath: m_LocalRotation.z
      value: -0
      objectReference: {fileID: 0}
    - target: {fileID: 1381963736591161857, guid: 7e6223eb03345074aa8e5bdd5f6f826a, type: 3}
      propertyPath: m_LocalEulerAnglesHint.x
      value: -17.959
      objectReference: {fileID: 0}
    - target: {fileID: 1381963736591161857, guid: 7e6223eb03345074aa8e5bdd5f6f826a, type: 3}
      propertyPath: m_LocalEulerAnglesHint.y
      value: 0
      objectReference: {fileID: 0}
    - target: {fileID: 1381963736591161857, guid: 7e6223eb03345074aa8e5bdd5f6f826a, type: 3}
      propertyPath: m_LocalEulerAnglesHint.z
      value: 0
      objectReference: {fileID: 0}
    - target: {fileID: 1758207186104516795, guid: 7e6223eb03345074aa8e5bdd5f6f826a, type: 3}
      propertyPath: m_Name
      value: Pillar_Rectangle_Platform_Broken_3
      objectReference: {fileID: 0}
    m_RemovedComponents: []
  m_SourcePrefab: {fileID: 100100000, guid: 7e6223eb03345074aa8e5bdd5f6f826a, type: 3}
