%YAML 1.1
%TAG !u! tag:unity3d.com,2011:
--- !u!1 &1394625638683988386
GameObject:
  m_ObjectHideFlags: 0
  m_CorrespondingSourceObject: {fileID: 0}
  m_PrefabInstance: {fileID: 0}
  m_PrefabAsset: {fileID: 0}
  serializedVersion: 6
  m_Component:
  - component: {fileID: 5881393317288091466}
  - component: {fileID: 7163336934677012851}
  - component: {fileID: 1379132102950014518}
  m_Layer: 0
  m_Name: Terrain_Tile04
  m_TagString: sand_terrain
  m_Icon: {fileID: 0}
  m_NavMeshLayer: 0
  m_StaticEditorFlags: 4294967295
  m_IsActive: 1
--- !u!4 &5881393317288091466
Transform:
  m_ObjectHideFlags: 0
  m_CorrespondingSourceObject: {fileID: 0}
  m_PrefabInstance: {fileID: 0}
  m_PrefabAsset: {fileID: 0}
  m_GameObject: {fileID: 1394625638683988386}
  m_LocalRotation: {x: -0, y: -0, z: -0, w: 1}
  m_LocalPosition: {x: 0, y: 0, z: 0}
  m_LocalScale: {x: 1, y: 1, z: 1}
  m_Children: []
  m_Father: {fileID: 4572275416114073791}
  m_RootOrder: 4
  m_LocalEulerAnglesHint: {x: 0, y: 0, z: 0}
--- !u!218 &7163336934677012851
Terrain:
  m_ObjectHideFlags: 0
  m_CorrespondingSourceObject: {fileID: 0}
  m_PrefabInstance: {fileID: 0}
  m_PrefabAsset: {fileID: 0}
  m_GameObject: {fileID: 1394625638683988386}
  m_Enabled: 1
  serializedVersion: 6
  m_TerrainData: {fileID: 15600000, guid: 4b8cb38f418799b47a0813ec90c5b209, type: 2}
  m_TreeDistance: 5000
  m_TreeBillboardDistance: 50
  m_TreeCrossFadeLength: 5
  m_TreeMaximumFullLODCount: 50
  m_DetailObjectDistance: 80
  m_DetailObjectDensity: 1
  m_HeightmapPixelError: 5
  m_SplatMapDistance: 1000
  m_HeightmapMaximumLOD: 0
  m_ShadowCastingMode: 2
  m_DrawHeightmap: 1
  m_DrawInstanced: 1
  m_DrawTreesAndFoliage: 1
  m_ReflectionProbeUsage: 1
  m_MaterialTemplate: {fileID: 2100000, guid: 594ea882c5a793440b60ff72d896021e, type: 2}
  m_BakeLightProbesForTrees: 1
  m_PreserveTreePrototypeLayers: 0
  m_DeringLightProbesForTrees: 1
  m_ScaleInLightmap: 0.64
  m_LightmapParameters: {fileID: 15203, guid: 0000000000000000f000000000000000, type: 0}
  m_GroupingID: 0
  m_RenderingLayerMask: 1
  m_AllowAutoConnect: 1
--- !u!154 &1379132102950014518
TerrainCollider:
  m_ObjectHideFlags: 0
  m_CorrespondingSourceObject: {fileID: 0}
  m_PrefabInstance: {fileID: 0}
  m_PrefabAsset: {fileID: 0}
  m_GameObject: {fileID: 1394625638683988386}
  m_Material: {fileID: 0}
  m_Enabled: 1
  m_TerrainData: {fileID: 15600000, guid: 4b8cb38f418799b47a0813ec90c5b209, type: 2}
  m_EnableTreeColliders: 1
--- !u!1 &1728924260976294920
GameObject:
  m_ObjectHideFlags: 0
  m_CorrespondingSourceObject: {fileID: 0}
  m_PrefabInstance: {fileID: 0}
  m_PrefabAsset: {fileID: 0}
  serializedVersion: 6
  m_Component:
  - component: {fileID: 2515409991037558348}
  - component: {fileID: 2388012055729061855}
  - component: {fileID: 2007189824518694091}
  - component: {fileID: 8739492322401213255}
  m_Layer: 0
  m_Name: Plane
  m_TagString: Untagged
  m_Icon: {fileID: 0}
  m_NavMeshLayer: 0
  m_StaticEditorFlags: 0
  m_IsActive: 0
--- !u!4 &2515409991037558348
Transform:
  m_ObjectHideFlags: 0
  m_CorrespondingSourceObject: {fileID: 0}
  m_PrefabInstance: {fileID: 0}
  m_PrefabAsset: {fileID: 0}
  m_GameObject: {fileID: 1728924260976294920}
  m_LocalRotation: {x: -0, y: -0, z: -0, w: 1}
  m_LocalPosition: {x: 20, y: 0, z: 20}
  m_LocalScale: {x: 4, y: 1, z: 4}
  m_Children: []
  m_Father: {fileID: 4572275416114073791}
  m_RootOrder: 2
  m_LocalEulerAnglesHint: {x: 0, y: 0, z: 0}
--- !u!33 &2388012055729061855
MeshFilter:
  m_ObjectHideFlags: 0
  m_CorrespondingSourceObject: {fileID: 0}
  m_PrefabInstance: {fileID: 0}
  m_PrefabAsset: {fileID: 0}
  m_GameObject: {fileID: 1728924260976294920}
  m_Mesh: {fileID: 10209, guid: 0000000000000000e000000000000000, type: 0}
--- !u!23 &2007189824518694091
MeshRenderer:
  m_ObjectHideFlags: 0
  m_CorrespondingSourceObject: {fileID: 0}
  m_PrefabInstance: {fileID: 0}
  m_PrefabAsset: {fileID: 0}
  m_GameObject: {fileID: 1728924260976294920}
  m_Enabled: 1
  m_CastShadows: 1
  m_ReceiveShadows: 1
  m_DynamicOccludee: 1
  m_MotionVectors: 1
  m_LightProbeUsage: 1
  m_ReflectionProbeUsage: 1
  m_RayTracingMode: 2
  m_RayTraceProcedural: 0
  m_RenderingLayerMask: 1
  m_RendererPriority: 0
  m_Materials:
  - {fileID: 2100000, guid: 9336c6e686fb8f6419b0d31b1d95dae5, type: 2}
  m_StaticBatchInfo:
    firstSubMesh: 0
    subMeshCount: 0
  m_StaticBatchRoot: {fileID: 0}
  m_ProbeAnchor: {fileID: 0}
  m_LightProbeVolumeOverride: {fileID: 0}
  m_ScaleInLightmap: 1
  m_ReceiveGI: 1
  m_PreserveUVs: 0
  m_IgnoreNormalsForChartDetection: 0
  m_ImportantGI: 0
  m_StitchLightmapSeams: 1
  m_SelectedEditorRenderState: 3
  m_MinimumChartSize: 4
  m_AutoUVMaxDistance: 0.5
  m_AutoUVMaxAngle: 89
  m_LightmapParameters: {fileID: 0}
  m_SortingLayerID: 0
  m_SortingLayer: 0
  m_SortingOrder: 0
  m_AdditionalVertexStreams: {fileID: 0}
--- !u!64 &8739492322401213255
MeshCollider:
  m_ObjectHideFlags: 0
  m_CorrespondingSourceObject: {fileID: 0}
  m_PrefabInstance: {fileID: 0}
  m_PrefabAsset: {fileID: 0}
  m_GameObject: {fileID: 1728924260976294920}
  m_Material: {fileID: 0}
  m_IsTrigger: 0
  m_Enabled: 1
  serializedVersion: 4
  m_Convex: 0
  m_CookingOptions: 30
  m_Mesh: {fileID: 10209, guid: 0000000000000000e000000000000000, type: 0}
--- !u!1001 &83339220717043346
PrefabInstance:
  m_ObjectHideFlags: 0
  serializedVersion: 2
  m_Modification:
    m_TransformParent: {fileID: 4572275416114073791}
    m_Modifications:
    - target: {fileID: 55652586977028586, guid: cd443fe130cc85e46aca2f85cdbc87ff, type: 3}
      propertyPath: m_StaticEditorFlags
      value: 4294967295
      objectReference: {fileID: 0}
    - target: {fileID: 114774390524185084, guid: cd443fe130cc85e46aca2f85cdbc87ff, type: 3}
      propertyPath: m_StaticEditorFlags
      value: 4294967295
      objectReference: {fileID: 0}
    - target: {fileID: 164041668169439696, guid: cd443fe130cc85e46aca2f85cdbc87ff, type: 3}
      propertyPath: m_StaticEditorFlags
      value: 4294967295
      objectReference: {fileID: 0}
    - target: {fileID: 185425436917370878, guid: cd443fe130cc85e46aca2f85cdbc87ff, type: 3}
      propertyPath: m_StaticEditorFlags
      value: 4294967295
      objectReference: {fileID: 0}
    - target: {fileID: 188082244816653784, guid: cd443fe130cc85e46aca2f85cdbc87ff, type: 3}
      propertyPath: m_StaticEditorFlags
      value: 4294967295
      objectReference: {fileID: 0}
    - target: {fileID: 220204255635209684, guid: cd443fe130cc85e46aca2f85cdbc87ff, type: 3}
      propertyPath: m_StaticEditorFlags
      value: 4294967295
      objectReference: {fileID: 0}
    - target: {fileID: 332448981933701966, guid: cd443fe130cc85e46aca2f85cdbc87ff, type: 3}
      propertyPath: m_StaticEditorFlags
      value: 4294967295
      objectReference: {fileID: 0}
    - target: {fileID: 421576955913228501, guid: cd443fe130cc85e46aca2f85cdbc87ff, type: 3}
      propertyPath: m_StaticEditorFlags
      value: 4294967295
      objectReference: {fileID: 0}
    - target: {fileID: 440506633562192889, guid: cd443fe130cc85e46aca2f85cdbc87ff, type: 3}
      propertyPath: m_StaticEditorFlags
      value: 4294967295
      objectReference: {fileID: 0}
    - target: {fileID: 727567625144561143, guid: cd443fe130cc85e46aca2f85cdbc87ff, type: 3}
      propertyPath: m_StaticEditorFlags
      value: 4294967295
      objectReference: {fileID: 0}
    - target: {fileID: 819003935561428732, guid: cd443fe130cc85e46aca2f85cdbc87ff, type: 3}
      propertyPath: m_StaticEditorFlags
      value: 4294967295
      objectReference: {fileID: 0}
    - target: {fileID: 1139817422404973050, guid: cd443fe130cc85e46aca2f85cdbc87ff, type: 3}
      propertyPath: m_StaticEditorFlags
      value: 4294967295
      objectReference: {fileID: 0}
    - target: {fileID: 1158470668025386606, guid: cd443fe130cc85e46aca2f85cdbc87ff, type: 3}
      propertyPath: m_StaticEditorFlags
      value: 4294967295
      objectReference: {fileID: 0}
    - target: {fileID: 1401275739817506956, guid: cd443fe130cc85e46aca2f85cdbc87ff, type: 3}
      propertyPath: m_StaticEditorFlags
      value: 4294967295
      objectReference: {fileID: 0}
    - target: {fileID: 1813104650014137251, guid: cd443fe130cc85e46aca2f85cdbc87ff, type: 3}
      propertyPath: m_StaticEditorFlags
      value: 4294967295
      objectReference: {fileID: 0}
    - target: {fileID: 1964535998361049938, guid: cd443fe130cc85e46aca2f85cdbc87ff, type: 3}
      propertyPath: m_Name
      value: Tile12_Blocked
      objectReference: {fileID: 0}
    - target: {fileID: 2047896616543482316, guid: cd443fe130cc85e46aca2f85cdbc87ff, type: 3}
      propertyPath: m_StaticEditorFlags
      value: 4294967295
      objectReference: {fileID: 0}
    - target: {fileID: 2314215194469883109, guid: cd443fe130cc85e46aca2f85cdbc87ff, type: 3}
      propertyPath: m_StaticEditorFlags
      value: 4294967295
      objectReference: {fileID: 0}
    - target: {fileID: 2355764717856346251, guid: cd443fe130cc85e46aca2f85cdbc87ff, type: 3}
      propertyPath: m_StaticEditorFlags
      value: 4294967295
      objectReference: {fileID: 0}
    - target: {fileID: 2632187223324505628, guid: cd443fe130cc85e46aca2f85cdbc87ff, type: 3}
      propertyPath: m_StaticEditorFlags
      value: 4294967295
      objectReference: {fileID: 0}
    - target: {fileID: 2795012902697567086, guid: cd443fe130cc85e46aca2f85cdbc87ff, type: 3}
      propertyPath: m_StaticEditorFlags
      value: 4294967295
      objectReference: {fileID: 0}
    - target: {fileID: 3412176789749779546, guid: cd443fe130cc85e46aca2f85cdbc87ff, type: 3}
      propertyPath: m_StaticEditorFlags
      value: 4294967295
      objectReference: {fileID: 0}
    - target: {fileID: 3615490978062211688, guid: cd443fe130cc85e46aca2f85cdbc87ff, type: 3}
      propertyPath: m_StaticEditorFlags
      value: 4294967295
      objectReference: {fileID: 0}
    - target: {fileID: 3623791913668497589, guid: cd443fe130cc85e46aca2f85cdbc87ff, type: 3}
      propertyPath: m_StaticEditorFlags
      value: 4294967295
      objectReference: {fileID: 0}
    - target: {fileID: 4574997435603359233, guid: cd443fe130cc85e46aca2f85cdbc87ff, type: 3}
      propertyPath: m_StaticEditorFlags
      value: 4294967295
      objectReference: {fileID: 0}
    - target: {fileID: 5089693792727140990, guid: cd443fe130cc85e46aca2f85cdbc87ff, type: 3}
      propertyPath: m_StaticEditorFlags
      value: 4294967295
      objectReference: {fileID: 0}
    - target: {fileID: 5370483994749329592, guid: cd443fe130cc85e46aca2f85cdbc87ff, type: 3}
      propertyPath: m_StaticEditorFlags
      value: 4294967295
      objectReference: {fileID: 0}
    - target: {fileID: 6079173572445459063, guid: cd443fe130cc85e46aca2f85cdbc87ff, type: 3}
      propertyPath: m_RootOrder
      value: 3
      objectReference: {fileID: 0}
    - target: {fileID: 6079173572445459063, guid: cd443fe130cc85e46aca2f85cdbc87ff, type: 3}
      propertyPath: m_LocalPosition.x
      value: 46.72
      objectReference: {fileID: 0}
    - target: {fileID: 6079173572445459063, guid: cd443fe130cc85e46aca2f85cdbc87ff, type: 3}
      propertyPath: m_LocalPosition.y
      value: 38.47346
      objectReference: {fileID: 0}
    - target: {fileID: 6079173572445459063, guid: cd443fe130cc85e46aca2f85cdbc87ff, type: 3}
      propertyPath: m_LocalPosition.z
      value: -63.17
      objectReference: {fileID: 0}
    - target: {fileID: 6079173572445459063, guid: cd443fe130cc85e46aca2f85cdbc87ff, type: 3}
      propertyPath: m_LocalRotation.w
      value: 0.70710784
      objectReference: {fileID: 0}
    - target: {fileID: 6079173572445459063, guid: cd443fe130cc85e46aca2f85cdbc87ff, type: 3}
      propertyPath: m_LocalRotation.x
      value: -0
      objectReference: {fileID: 0}
    - target: {fileID: 6079173572445459063, guid: cd443fe130cc85e46aca2f85cdbc87ff, type: 3}
      propertyPath: m_LocalRotation.y
      value: -0.70710576
      objectReference: {fileID: 0}
    - target: {fileID: 6079173572445459063, guid: cd443fe130cc85e46aca2f85cdbc87ff, type: 3}
      propertyPath: m_LocalRotation.z
      value: -0
      objectReference: {fileID: 0}
    - target: {fileID: 6079173572445459063, guid: cd443fe130cc85e46aca2f85cdbc87ff, type: 3}
      propertyPath: m_LocalEulerAnglesHint.x
      value: 0
      objectReference: {fileID: 0}
    - target: {fileID: 6079173572445459063, guid: cd443fe130cc85e46aca2f85cdbc87ff, type: 3}
      propertyPath: m_LocalEulerAnglesHint.y
      value: -90
      objectReference: {fileID: 0}
    - target: {fileID: 6079173572445459063, guid: cd443fe130cc85e46aca2f85cdbc87ff, type: 3}
      propertyPath: m_LocalEulerAnglesHint.z
      value: 0
      objectReference: {fileID: 0}
    - target: {fileID: 6092828965661287148, guid: cd443fe130cc85e46aca2f85cdbc87ff, type: 3}
      propertyPath: m_StaticEditorFlags
      value: 4294967295
      objectReference: {fileID: 0}
    - target: {fileID: 6189708240185795498, guid: cd443fe130cc85e46aca2f85cdbc87ff, type: 3}
      propertyPath: m_StaticEditorFlags
      value: 4294967295
      objectReference: {fileID: 0}
    - target: {fileID: 6513971823921231111, guid: cd443fe130cc85e46aca2f85cdbc87ff, type: 3}
      propertyPath: m_StaticEditorFlags
      value: 4294967295
      objectReference: {fileID: 0}
    - target: {fileID: 6530169209236621610, guid: cd443fe130cc85e46aca2f85cdbc87ff, type: 3}
      propertyPath: m_StaticEditorFlags
      value: 4294967295
      objectReference: {fileID: 0}
    - target: {fileID: 6958836789590658174, guid: cd443fe130cc85e46aca2f85cdbc87ff, type: 3}
      propertyPath: m_StaticEditorFlags
      value: 4294967295
      objectReference: {fileID: 0}
    - target: {fileID: 7284173812176108381, guid: cd443fe130cc85e46aca2f85cdbc87ff, type: 3}
      propertyPath: m_StaticEditorFlags
      value: 4294967295
      objectReference: {fileID: 0}
    - target: {fileID: 7818921643210122185, guid: cd443fe130cc85e46aca2f85cdbc87ff, type: 3}
      propertyPath: m_StaticEditorFlags
      value: 4294967295
      objectReference: {fileID: 0}
    - target: {fileID: 7832552170280671821, guid: cd443fe130cc85e46aca2f85cdbc87ff, type: 3}
      propertyPath: m_StaticEditorFlags
      value: 4294967295
      objectReference: {fileID: 0}
    - target: {fileID: 7967001397774552780, guid: cd443fe130cc85e46aca2f85cdbc87ff, type: 3}
      propertyPath: m_StaticEditorFlags
      value: 4294967295
      objectReference: {fileID: 0}
    - target: {fileID: 8007713632926095760, guid: cd443fe130cc85e46aca2f85cdbc87ff, type: 3}
      propertyPath: m_StaticEditorFlags
      value: 4294967295
      objectReference: {fileID: 0}
    - target: {fileID: 8464440282173776509, guid: cd443fe130cc85e46aca2f85cdbc87ff, type: 3}
      propertyPath: m_StaticEditorFlags
      value: 4294967295
      objectReference: {fileID: 0}
    - target: {fileID: 8975692449619798785, guid: cd443fe130cc85e46aca2f85cdbc87ff, type: 3}
      propertyPath: m_StaticEditorFlags
      value: 4294967295
      objectReference: {fileID: 0}
    - target: {fileID: 9114603938722350157, guid: cd443fe130cc85e46aca2f85cdbc87ff, type: 3}
      propertyPath: m_StaticEditorFlags
      value: 4294967295
      objectReference: {fileID: 0}
    m_RemovedComponents: []
  m_SourcePrefab: {fileID: 100100000, guid: cd443fe130cc85e46aca2f85cdbc87ff, type: 3}
--- !u!1001 &1252110581717775593
PrefabInstance:
  m_ObjectHideFlags: 0
  serializedVersion: 2
  m_Modification:
    m_TransformParent: {fileID: 0}
    m_Modifications:
    - target: {fileID: 2196665079973681370, guid: e2a9ac2b4f782704e80571cfd45a1e21, type: 3}
      propertyPath: m_Name
      value: Tile_20
      objectReference: {fileID: 0}
    - target: {fileID: 3320172948738843734, guid: e2a9ac2b4f782704e80571cfd45a1e21, type: 3}
      propertyPath: m_RootOrder
      value: 0
      objectReference: {fileID: 0}
    - target: {fileID: 3320172948738843734, guid: e2a9ac2b4f782704e80571cfd45a1e21, type: 3}
      propertyPath: m_LocalPosition.x
      value: 0
      objectReference: {fileID: 0}
    - target: {fileID: 3320172948738843734, guid: e2a9ac2b4f782704e80571cfd45a1e21, type: 3}
      propertyPath: m_LocalPosition.y
      value: 0
      objectReference: {fileID: 0}
    - target: {fileID: 3320172948738843734, guid: e2a9ac2b4f782704e80571cfd45a1e21, type: 3}
      propertyPath: m_LocalPosition.z
      value: 0
      objectReference: {fileID: 0}
    - target: {fileID: 3320172948738843734, guid: e2a9ac2b4f782704e80571cfd45a1e21, type: 3}
      propertyPath: m_LocalRotation.w
      value: 1
      objectReference: {fileID: 0}
    - target: {fileID: 3320172948738843734, guid: e2a9ac2b4f782704e80571cfd45a1e21, type: 3}
      propertyPath: m_LocalRotation.x
      value: 0
      objectReference: {fileID: 0}
    - target: {fileID: 3320172948738843734, guid: e2a9ac2b4f782704e80571cfd45a1e21, type: 3}
      propertyPath: m_LocalRotation.y
      value: 0
      objectReference: {fileID: 0}
    - target: {fileID: 3320172948738843734, guid: e2a9ac2b4f782704e80571cfd45a1e21, type: 3}
      propertyPath: m_LocalRotation.z
      value: 0
      objectReference: {fileID: 0}
    - target: {fileID: 3320172948738843734, guid: e2a9ac2b4f782704e80571cfd45a1e21, type: 3}
      propertyPath: m_LocalEulerAnglesHint.x
      value: 0
      objectReference: {fileID: 0}
    - target: {fileID: 3320172948738843734, guid: e2a9ac2b4f782704e80571cfd45a1e21, type: 3}
      propertyPath: m_LocalEulerAnglesHint.y
      value: 0
      objectReference: {fileID: 0}
    - target: {fileID: 3320172948738843734, guid: e2a9ac2b4f782704e80571cfd45a1e21, type: 3}
      propertyPath: m_LocalEulerAnglesHint.z
      value: 0
      objectReference: {fileID: 0}
    - target: {fileID: 4327604138402555041, guid: e2a9ac2b4f782704e80571cfd45a1e21, type: 3}
      propertyPath: structure
      value: 
      objectReference: {fileID: 2872380345662211132, guid: 846ba3d503bf6d64f8dafc946cf78379, type: 2}
    m_RemovedComponents: []
  m_SourcePrefab: {fileID: 100100000, guid: e2a9ac2b4f782704e80571cfd45a1e21, type: 3}
--- !u!4 &4572275416114073791 stripped
Transform:
  m_CorrespondingSourceObject: {fileID: 3320172948738843734, guid: e2a9ac2b4f782704e80571cfd45a1e21, type: 3}
  m_PrefabInstance: {fileID: 1252110581717775593}
  m_PrefabAsset: {fileID: 0}
