%YAML 1.1
%TAG !u! tag:unity3d.com,2011:
--- !u!1 &8404230026586552565
GameObject:
  m_ObjectHideFlags: 0
  m_CorrespondingSourceObject: {fileID: 0}
  m_PrefabInstance: {fileID: 0}
  m_PrefabAsset: {fileID: 0}
  serializedVersion: 6
  m_Component:
  - component: {fileID: 8404230026586552564}
  m_Layer: 0
  m_Name: AUDIOZONES
  m_TagString: Untagged
  m_Icon: {fileID: 0}
  m_NavMeshLayer: 0
  m_StaticEditorFlags: 0
  m_IsActive: 1
--- !u!4 &8404230026586552564
Transform:
  m_ObjectHideFlags: 0
  m_CorrespondingSourceObject: {fileID: 0}
  m_PrefabInstance: {fileID: 0}
  m_PrefabAsset: {fileID: 0}
  m_GameObject: {fileID: 8404230026586552565}
  m_LocalRotation: {x: 0, y: 0, z: 0, w: 1}
  m_LocalPosition: {x: 24.294348, y: 2.310187, z: 10.4761305}
  m_LocalScale: {x: 1, y: 1, z: 1}
  m_Children:
  - {fileID: 8404230027413741794}
  - {fileID: 8404230028429044799}
  - {fileID: 8404230028160407271}
  m_Father: {fileID: 0}
  m_RootOrder: 0
  m_LocalEulerAnglesHint: {x: 0, y: 0, z: 0}
--- !u!1 &8404230026791012209
GameObject:
  m_ObjectHideFlags: 0
  m_CorrespondingSourceObject: {fileID: 0}
  m_PrefabInstance: {fileID: 0}
  m_PrefabAsset: {fileID: 0}
  serializedVersion: 6
  m_Component:
  - component: {fileID: 8404230026791012208}
  - component: {fileID: 8404230026791012215}
  m_Layer: 0
  m_Name: Tile02
  m_TagString: Untagged
  m_Icon: {fileID: 0}
  m_NavMeshLayer: 0
  m_StaticEditorFlags: 0
  m_IsActive: 1
--- !u!4 &8404230026791012208
Transform:
  m_ObjectHideFlags: 0
  m_CorrespondingSourceObject: {fileID: 0}
  m_PrefabInstance: {fileID: 0}
  m_PrefabAsset: {fileID: 0}
  m_GameObject: {fileID: 8404230026791012209}
  m_LocalRotation: {x: 0, y: 0, z: 0, w: 1}
  m_LocalPosition: {x: 4.4, y: 5.79, z: 66.9}
  m_LocalScale: {x: 1.05, y: 1.05, z: 1.05}
  m_Children: []
  m_Father: {fileID: 8404230028429044799}
  m_RootOrder: 2
  m_LocalEulerAnglesHint: {x: 0, y: 0, z: 0}
--- !u!114 &8404230026791012215
MonoBehaviour:
  m_ObjectHideFlags: 0
  m_CorrespondingSourceObject: {fileID: 0}
  m_PrefabInstance: {fileID: 0}
  m_PrefabAsset: {fileID: 0}
  m_GameObject: {fileID: 8404230026791012209}
  m_Enabled: 1
  m_EditorHideFlags: 0
  m_Script: {fileID: 11500000, guid: b073ec1da9a2dff43be722dea6038288, type: 3}
  m_Name: 
  m_EditorClassIdentifier: 
  threeD: 1
  loop: 1
  minRange: 5.67
  maxRange: 11.39
  volume: 0.663
  mixer: {fileID: 2243370753139369044, guid: c0c38d7a1abe6f145ac91c2f6995ed7b, type: 2}
  OnStart:
    m_PersistentCalls:
      m_Calls:
      - m_Target: {fileID: 8404230026791012215}
        m_TargetAssemblyTypeName: 
        m_MethodName: Play
        m_Mode: 2
        m_Arguments:
          m_ObjectArgument: {fileID: 8300000, guid: 6d0ac981b1eb7e24aabcc807b26da06c, type: 3}
          m_ObjectArgumentAssemblyTypeName: UnityEngine.AudioClip, UnityEngine
          m_IntArgument: 0
          m_FloatArgument: 0
          m_StringArgument: 
          m_BoolArgument: 0
        m_CallState: 2
--- !u!1 &8404230026923282255
GameObject:
  m_ObjectHideFlags: 0
  m_CorrespondingSourceObject: {fileID: 0}
  m_PrefabInstance: {fileID: 0}
  m_PrefabAsset: {fileID: 0}
  serializedVersion: 6
  m_Component:
  - component: {fileID: 8404230026923282254}
  - component: {fileID: 8404230026923282253}
  m_Layer: 0
  m_Name: WaterZone
  m_TagString: Untagged
  m_Icon: {fileID: 0}
  m_NavMeshLayer: 0
  m_StaticEditorFlags: 0
  m_IsActive: 1
--- !u!4 &8404230026923282254
Transform:
  m_ObjectHideFlags: 0
  m_CorrespondingSourceObject: {fileID: 0}
  m_PrefabInstance: {fileID: 0}
  m_PrefabAsset: {fileID: 0}
  m_GameObject: {fileID: 8404230026923282255}
  m_LocalRotation: {x: 0, y: 0, z: 0, w: 1}
  m_LocalPosition: {x: -44.47, y: 0, z: 59.63}
  m_LocalScale: {x: 1, y: 1, z: 1}
  m_Children: []
  m_Father: {fileID: 8404230028160407271}
  m_RootOrder: 0
  m_LocalEulerAnglesHint: {x: 0, y: 0, z: 0}
--- !u!114 &8404230026923282253
MonoBehaviour:
  m_ObjectHideFlags: 0
  m_CorrespondingSourceObject: {fileID: 0}
  m_PrefabInstance: {fileID: 0}
  m_PrefabAsset: {fileID: 0}
  m_GameObject: {fileID: 8404230026923282255}
  m_Enabled: 1
  m_EditorHideFlags: 0
  m_Script: {fileID: 11500000, guid: af81968736a99bc4f89adc6fff9ca582, type: 3}
  m_Name: 
  m_EditorClassIdentifier: 
  source: {fileID: 8404230028160407270}
  type: 1
  size: {x: 22.72, y: 0, z: 7.21}
  falloff: {x: 2.54, y: 0, z: 2.02}
  syncWithMusic: 0
--- !u!1 &8404230026983381435
GameObject:
  m_ObjectHideFlags: 0
  m_CorrespondingSourceObject: {fileID: 0}
  m_PrefabInstance: {fileID: 0}
  m_PrefabAsset: {fileID: 0}
  serializedVersion: 6
  m_Component:
  - component: {fileID: 8404230026983381434}
  - component: {fileID: 8404230026983381433}
  m_Layer: 0
  m_Name: Tile01
  m_TagString: Untagged
  m_Icon: {fileID: 0}
  m_NavMeshLayer: 0
  m_StaticEditorFlags: 0
  m_IsActive: 1
--- !u!4 &8404230026983381434
Transform:
  m_ObjectHideFlags: 0
  m_CorrespondingSourceObject: {fileID: 0}
  m_PrefabInstance: {fileID: 0}
  m_PrefabAsset: {fileID: 0}
  m_GameObject: {fileID: 8404230026983381435}
  m_LocalRotation: {x: 0, y: 0, z: 0, w: 1}
  m_LocalPosition: {x: 5.4, y: 5.79, z: 19.8}
  m_LocalScale: {x: 1.05, y: 1.05, z: 1.05}
  m_Children: []
  m_Father: {fileID: 8404230028429044799}
  m_RootOrder: 0
  m_LocalEulerAnglesHint: {x: 0, y: 0, z: 0}
--- !u!114 &8404230026983381433
MonoBehaviour:
  m_ObjectHideFlags: 0
  m_CorrespondingSourceObject: {fileID: 0}
  m_PrefabInstance: {fileID: 0}
  m_PrefabAsset: {fileID: 0}
  m_GameObject: {fileID: 8404230026983381435}
  m_Enabled: 1
  m_EditorHideFlags: 0
  m_Script: {fileID: 11500000, guid: b073ec1da9a2dff43be722dea6038288, type: 3}
  m_Name: 
  m_EditorClassIdentifier: 
  threeD: 1
  loop: 1
  minRange: 5.67
  maxRange: 11.39
  volume: 0.663
  mixer: {fileID: 2243370753139369044, guid: c0c38d7a1abe6f145ac91c2f6995ed7b, type: 2}
  OnStart:
    m_PersistentCalls:
      m_Calls:
      - m_Target: {fileID: 8404230026983381433}
        m_TargetAssemblyTypeName: 
        m_MethodName: Play
        m_Mode: 2
        m_Arguments:
          m_ObjectArgument: {fileID: 8300000, guid: 6d0ac981b1eb7e24aabcc807b26da06c, type: 3}
          m_ObjectArgumentAssemblyTypeName: UnityEngine.AudioClip, UnityEngine
          m_IntArgument: 0
          m_FloatArgument: 0
          m_StringArgument: 
          m_BoolArgument: 0
        m_CallState: 2
--- !u!1 &8404230027021749125
GameObject:
  m_ObjectHideFlags: 0
  m_CorrespondingSourceObject: {fileID: 0}
  m_PrefabInstance: {fileID: 0}
  m_PrefabAsset: {fileID: 0}
  serializedVersion: 6
  m_Component:
  - component: {fileID: 8404230027021749124}
  - component: {fileID: 8404230027021749147}
  m_Layer: 0
  m_Name: Tile05 (6)
  m_TagString: Untagged
  m_Icon: {fileID: 0}
  m_NavMeshLayer: 0
  m_StaticEditorFlags: 0
  m_IsActive: 1
--- !u!4 &8404230027021749124
Transform:
  m_ObjectHideFlags: 0
  m_CorrespondingSourceObject: {fileID: 0}
  m_PrefabInstance: {fileID: 0}
  m_PrefabAsset: {fileID: 0}
  m_GameObject: {fileID: 8404230027021749125}
  m_LocalRotation: {x: 0, y: 0, z: 0, w: 1}
  m_LocalPosition: {x: 14.7, y: 6.7, z: 83.4}
  m_LocalScale: {x: 1.05, y: 1.05, z: 1.05}
  m_Children: []
  m_Father: {fileID: 8404230028429044799}
  m_RootOrder: 11
  m_LocalEulerAnglesHint: {x: 0, y: 0, z: 0}
--- !u!114 &8404230027021749147
MonoBehaviour:
  m_ObjectHideFlags: 0
  m_CorrespondingSourceObject: {fileID: 0}
  m_PrefabInstance: {fileID: 0}
  m_PrefabAsset: {fileID: 0}
  m_GameObject: {fileID: 8404230027021749125}
  m_Enabled: 1
  m_EditorHideFlags: 0
  m_Script: {fileID: 11500000, guid: b073ec1da9a2dff43be722dea6038288, type: 3}
  m_Name: 
  m_EditorClassIdentifier: 
  threeD: 1
  loop: 1
  minRange: 8.3
  maxRange: 13.9
  volume: 0.663
  mixer: {fileID: 2243370753139369044, guid: c0c38d7a1abe6f145ac91c2f6995ed7b, type: 2}
  OnStart:
    m_PersistentCalls:
      m_Calls:
      - m_Target: {fileID: 8404230027021749147}
        m_TargetAssemblyTypeName: 
        m_MethodName: Play
        m_Mode: 2
        m_Arguments:
          m_ObjectArgument: {fileID: 8300000, guid: 6d0ac981b1eb7e24aabcc807b26da06c, type: 3}
          m_ObjectArgumentAssemblyTypeName: UnityEngine.AudioClip, UnityEngine
          m_IntArgument: 0
          m_FloatArgument: 0
          m_StringArgument: 
          m_BoolArgument: 0
        m_CallState: 2
--- !u!1 &8404230027150917981
GameObject:
  m_ObjectHideFlags: 0
  m_CorrespondingSourceObject: {fileID: 0}
  m_PrefabInstance: {fileID: 0}
  m_PrefabAsset: {fileID: 0}
  serializedVersion: 6
  m_Component:
  - component: {fileID: 8404230027150917980}
  - component: {fileID: 8404230027150917971}
  m_Layer: 0
  m_Name: Tile05 (5)
  m_TagString: Untagged
  m_Icon: {fileID: 0}
  m_NavMeshLayer: 0
  m_StaticEditorFlags: 0
  m_IsActive: 1
--- !u!4 &8404230027150917980
Transform:
  m_ObjectHideFlags: 0
  m_CorrespondingSourceObject: {fileID: 0}
  m_PrefabInstance: {fileID: 0}
  m_PrefabAsset: {fileID: 0}
  m_GameObject: {fileID: 8404230027150917981}
  m_LocalRotation: {x: 0, y: 0, z: 0, w: 1}
  m_LocalPosition: {x: 47.36, y: 6.7, z: 107.41}
  m_LocalScale: {x: 1.05, y: 1.05, z: 1.05}
  m_Children: []
  m_Father: {fileID: 8404230028429044799}
  m_RootOrder: 4
  m_LocalEulerAnglesHint: {x: 0, y: 0, z: 0}
--- !u!114 &8404230027150917971
MonoBehaviour:
  m_ObjectHideFlags: 0
  m_CorrespondingSourceObject: {fileID: 0}
  m_PrefabInstance: {fileID: 0}
  m_PrefabAsset: {fileID: 0}
  m_GameObject: {fileID: 8404230027150917981}
  m_Enabled: 1
  m_EditorHideFlags: 0
  m_Script: {fileID: 11500000, guid: b073ec1da9a2dff43be722dea6038288, type: 3}
  m_Name: 
  m_EditorClassIdentifier: 
  threeD: 1
  loop: 1
  minRange: 5.67
  maxRange: 11.39
  volume: 0.663
  mixer: {fileID: 2243370753139369044, guid: c0c38d7a1abe6f145ac91c2f6995ed7b, type: 2}
  OnStart:
    m_PersistentCalls:
      m_Calls:
      - m_Target: {fileID: 8404230027150917971}
        m_TargetAssemblyTypeName: 
        m_MethodName: Play
        m_Mode: 2
        m_Arguments:
          m_ObjectArgument: {fileID: 8300000, guid: 6d0ac981b1eb7e24aabcc807b26da06c, type: 3}
          m_ObjectArgumentAssemblyTypeName: UnityEngine.AudioClip, UnityEngine
          m_IntArgument: 0
          m_FloatArgument: 0
          m_StringArgument: 
          m_BoolArgument: 0
        m_CallState: 2
--- !u!1 &8404230027279743389
GameObject:
  m_ObjectHideFlags: 0
  m_CorrespondingSourceObject: {fileID: 0}
  m_PrefabInstance: {fileID: 0}
  m_PrefabAsset: {fileID: 0}
  serializedVersion: 6
  m_Component:
  - component: {fileID: 8404230027279743388}
  - component: {fileID: 8404230027279743379}
  m_Layer: 0
  m_Name: WaterZone (1)
  m_TagString: Untagged
  m_Icon: {fileID: 0}
  m_NavMeshLayer: 0
  m_StaticEditorFlags: 0
  m_IsActive: 1
--- !u!4 &8404230027279743388
Transform:
  m_ObjectHideFlags: 0
  m_CorrespondingSourceObject: {fileID: 0}
  m_PrefabInstance: {fileID: 0}
  m_PrefabAsset: {fileID: 0}
  m_GameObject: {fileID: 8404230027279743389}
  m_LocalRotation: {x: 0, y: 0, z: 0, w: 1}
  m_LocalPosition: {x: 36.72, y: 0, z: 47.12}
  m_LocalScale: {x: 1, y: 1, z: 1}
  m_Children: []
  m_Father: {fileID: 8404230028160407271}
  m_RootOrder: 1
  m_LocalEulerAnglesHint: {x: 0, y: 0, z: 0}
--- !u!114 &8404230027279743379
MonoBehaviour:
  m_ObjectHideFlags: 0
  m_CorrespondingSourceObject: {fileID: 0}
  m_PrefabInstance: {fileID: 0}
  m_PrefabAsset: {fileID: 0}
  m_GameObject: {fileID: 8404230027279743389}
  m_Enabled: 1
  m_EditorHideFlags: 0
  m_Script: {fileID: 11500000, guid: af81968736a99bc4f89adc6fff9ca582, type: 3}
  m_Name: 
  m_EditorClassIdentifier: 
  source: {fileID: 8404230028160407270}
  type: 1
  size: {x: 14.81, y: 0, z: 16.4}
  falloff: {x: 8.4, y: 0, z: 9.01}
  syncWithMusic: 0
--- !u!1 &8404230027300576366
GameObject:
  m_ObjectHideFlags: 0
  m_CorrespondingSourceObject: {fileID: 0}
  m_PrefabInstance: {fileID: 0}
  m_PrefabAsset: {fileID: 0}
  serializedVersion: 6
  m_Component:
  - component: {fileID: 8404230027300576365}
  - component: {fileID: 8404230027300576364}
  m_Layer: 0
  m_Name: Tile03
  m_TagString: Untagged
  m_Icon: {fileID: 0}
  m_NavMeshLayer: 0
  m_StaticEditorFlags: 0
  m_IsActive: 1
--- !u!4 &8404230027300576365
Transform:
  m_ObjectHideFlags: 0
  m_CorrespondingSourceObject: {fileID: 0}
  m_PrefabInstance: {fileID: 0}
  m_PrefabAsset: {fileID: 0}
  m_GameObject: {fileID: 8404230027300576366}
  m_LocalRotation: {x: 0, y: 0, z: 0, w: 1}
  m_LocalPosition: {x: -61.86, y: 5.79, z: 58.9}
  m_LocalScale: {x: 1.05, y: 1.05, z: 1.05}
  m_Children: []
  m_Father: {fileID: 8404230028429044799}
  m_RootOrder: 3
  m_LocalEulerAnglesHint: {x: 0, y: 0, z: 0}
--- !u!114 &8404230027300576364
MonoBehaviour:
  m_ObjectHideFlags: 0
  m_CorrespondingSourceObject: {fileID: 0}
  m_PrefabInstance: {fileID: 0}
  m_PrefabAsset: {fileID: 0}
  m_GameObject: {fileID: 8404230027300576366}
  m_Enabled: 1
  m_EditorHideFlags: 0
  m_Script: {fileID: 11500000, guid: b073ec1da9a2dff43be722dea6038288, type: 3}
  m_Name: 
  m_EditorClassIdentifier: 
  threeD: 1
  loop: 1
  minRange: 5.67
  maxRange: 11.39
  volume: 0.663
  mixer: {fileID: 2243370753139369044, guid: c0c38d7a1abe6f145ac91c2f6995ed7b, type: 2}
  OnStart:
    m_PersistentCalls:
      m_Calls:
      - m_Target: {fileID: 8404230027300576364}
        m_TargetAssemblyTypeName: 
        m_MethodName: Play
        m_Mode: 2
        m_Arguments:
          m_ObjectArgument: {fileID: 8300000, guid: 6d0ac981b1eb7e24aabcc807b26da06c, type: 3}
          m_ObjectArgumentAssemblyTypeName: UnityEngine.AudioClip, UnityEngine
          m_IntArgument: 0
          m_FloatArgument: 0
          m_StringArgument: 
          m_BoolArgument: 0
        m_CallState: 2
--- !u!1 &8404230027314900274
GameObject:
  m_ObjectHideFlags: 0
  m_CorrespondingSourceObject: {fileID: 0}
  m_PrefabInstance: {fileID: 0}
  m_PrefabAsset: {fileID: 0}
  serializedVersion: 6
  m_Component:
  - component: {fileID: 8404230027314900273}
  - component: {fileID: 8404230027314900272}
  m_Layer: 0
  m_Name: Tile05 (4)
  m_TagString: Untagged
  m_Icon: {fileID: 0}
  m_NavMeshLayer: 0
  m_StaticEditorFlags: 0
  m_IsActive: 1
--- !u!4 &8404230027314900273
Transform:
  m_ObjectHideFlags: 0
  m_CorrespondingSourceObject: {fileID: 0}
  m_PrefabInstance: {fileID: 0}
  m_PrefabAsset: {fileID: 0}
  m_GameObject: {fileID: 8404230027314900274}
  m_LocalRotation: {x: 0, y: 0, z: 0, w: 1}
  m_LocalPosition: {x: 81.38, y: 9.32, z: 8.09}
  m_LocalScale: {x: 1.05, y: 1.05, z: 1.05}
  m_Children: []
  m_Father: {fileID: 8404230028429044799}
  m_RootOrder: 9
  m_LocalEulerAnglesHint: {x: 0, y: 0, z: 0}
--- !u!114 &8404230027314900272
MonoBehaviour:
  m_ObjectHideFlags: 0
  m_CorrespondingSourceObject: {fileID: 0}
  m_PrefabInstance: {fileID: 0}
  m_PrefabAsset: {fileID: 0}
  m_GameObject: {fileID: 8404230027314900274}
  m_Enabled: 1
  m_EditorHideFlags: 0
  m_Script: {fileID: 11500000, guid: b073ec1da9a2dff43be722dea6038288, type: 3}
  m_Name: 
  m_EditorClassIdentifier: 
  threeD: 1
  loop: 1
  minRange: 5.67
  maxRange: 11.39
  volume: 0.663
  mixer: {fileID: 2243370753139369044, guid: c0c38d7a1abe6f145ac91c2f6995ed7b, type: 2}
  OnStart:
    m_PersistentCalls:
      m_Calls:
      - m_Target: {fileID: 8404230027314900272}
        m_TargetAssemblyTypeName: 
        m_MethodName: Play
        m_Mode: 2
        m_Arguments:
          m_ObjectArgument: {fileID: 8300000, guid: 6d0ac981b1eb7e24aabcc807b26da06c, type: 3}
          m_ObjectArgumentAssemblyTypeName: UnityEngine.AudioClip, UnityEngine
          m_IntArgument: 0
          m_FloatArgument: 0
          m_StringArgument: 
          m_BoolArgument: 0
        m_CallState: 2
--- !u!1 &8404230027329718889
GameObject:
  m_ObjectHideFlags: 0
  m_CorrespondingSourceObject: {fileID: 0}
  m_PrefabInstance: {fileID: 0}
  m_PrefabAsset: {fileID: 0}
  serializedVersion: 6
  m_Component:
  - component: {fileID: 8404230027329718888}
  - component: {fileID: 8404230027329718895}
  m_Layer: 0
  m_Name: Tile03 (1)
  m_TagString: Untagged
  m_Icon: {fileID: 0}
  m_NavMeshLayer: 0
  m_StaticEditorFlags: 0
  m_IsActive: 1
--- !u!4 &8404230027329718888
Transform:
  m_ObjectHideFlags: 0
  m_CorrespondingSourceObject: {fileID: 0}
  m_PrefabInstance: {fileID: 0}
  m_PrefabAsset: {fileID: 0}
  m_GameObject: {fileID: 8404230027329718889}
  m_LocalRotation: {x: 0, y: 0, z: 0, w: 1}
  m_LocalPosition: {x: -61.01, y: 6.52, z: 35.67}
  m_LocalScale: {x: 1.05, y: 1.05, z: 1.05}
  m_Children: []
  m_Father: {fileID: 8404230028429044799}
  m_RootOrder: 10
  m_LocalEulerAnglesHint: {x: 0, y: 0, z: 0}
--- !u!114 &8404230027329718895
MonoBehaviour:
  m_ObjectHideFlags: 0
  m_CorrespondingSourceObject: {fileID: 0}
  m_PrefabInstance: {fileID: 0}
  m_PrefabAsset: {fileID: 0}
  m_GameObject: {fileID: 8404230027329718889}
  m_Enabled: 1
  m_EditorHideFlags: 0
  m_Script: {fileID: 11500000, guid: b073ec1da9a2dff43be722dea6038288, type: 3}
  m_Name: 
  m_EditorClassIdentifier: 
  threeD: 1
  loop: 1
  minRange: 5.67
  maxRange: 11.39
  volume: 0.663
  mixer: {fileID: 2243370753139369044, guid: c0c38d7a1abe6f145ac91c2f6995ed7b, type: 2}
  OnStart:
    m_PersistentCalls:
      m_Calls:
      - m_Target: {fileID: 8404230027329718895}
        m_TargetAssemblyTypeName: 
        m_MethodName: Play
        m_Mode: 2
        m_Arguments:
          m_ObjectArgument: {fileID: 8300000, guid: 6d0ac981b1eb7e24aabcc807b26da06c, type: 3}
          m_ObjectArgumentAssemblyTypeName: UnityEngine.AudioClip, UnityEngine
          m_IntArgument: 0
          m_FloatArgument: 0
          m_StringArgument: 
          m_BoolArgument: 0
        m_CallState: 2
--- !u!1 &8404230027413741795
GameObject:
  m_ObjectHideFlags: 0
  m_CorrespondingSourceObject: {fileID: 0}
  m_PrefabInstance: {fileID: 0}
  m_PrefabAsset: {fileID: 0}
  serializedVersion: 6
  m_Component:
  - component: {fileID: 8404230027413741794}
  - component: {fileID: 8404230027413741793}
  m_Layer: 0
  m_Name: PyramidIndoor
  m_TagString: Untagged
  m_Icon: {fileID: 0}
  m_NavMeshLayer: 0
  m_StaticEditorFlags: 0
  m_IsActive: 1
--- !u!4 &8404230027413741794
Transform:
  m_ObjectHideFlags: 0
  m_CorrespondingSourceObject: {fileID: 0}
  m_PrefabInstance: {fileID: 0}
  m_PrefabAsset: {fileID: 0}
  m_GameObject: {fileID: 8404230027413741795}
  m_LocalRotation: {x: 0, y: 0, z: 0, w: 1}
  m_LocalPosition: {x: -44.29, y: -3.17, z: 92.76}
  m_LocalScale: {x: 1, y: 1, z: 1}
  m_Children: []
  m_Father: {fileID: 8404230026586552564}
  m_RootOrder: 0
  m_LocalEulerAnglesHint: {x: 0, y: 0, z: 0}
--- !u!167 &8404230027413741793
AudioReverbZone:
  m_ObjectHideFlags: 0
  m_CorrespondingSourceObject: {fileID: 0}
  m_PrefabInstance: {fileID: 0}
  m_PrefabAsset: {fileID: 0}
  m_GameObject: {fileID: 8404230027413741795}
  m_Enabled: 1
  m_MinDistance: 15.81115
  m_MaxDistance: 21.801758
  m_ReverbPreset: 14
  m_Room: -1000
  m_RoomHF: -237
  m_DecayTime: 2.7
  m_DecayHFRatio: 0.79
  m_Reflections: -1214
  m_ReflectionsDelay: 0.013
  m_Reverb: 395
  m_ReverbDelay: 0.02
  m_HFReference: 5000
  m_Diffusion: 100
  m_Density: 100
  m_LFReference: 250
  m_RoomLF: 0
--- !u!1 &8404230027560682210
GameObject:
  m_ObjectHideFlags: 0
  m_CorrespondingSourceObject: {fileID: 0}
  m_PrefabInstance: {fileID: 0}
  m_PrefabAsset: {fileID: 0}
  serializedVersion: 6
  m_Component:
  - component: {fileID: 8404230027560682209}
  - component: {fileID: 8404230027560682208}
  m_Layer: 0
  m_Name: Tile05 (2)
  m_TagString: Untagged
  m_Icon: {fileID: 0}
  m_NavMeshLayer: 0
  m_StaticEditorFlags: 0
  m_IsActive: 1
--- !u!4 &8404230027560682209
Transform:
  m_ObjectHideFlags: 0
  m_CorrespondingSourceObject: {fileID: 0}
  m_PrefabInstance: {fileID: 0}
  m_PrefabAsset: {fileID: 0}
  m_GameObject: {fileID: 8404230027560682210}
  m_LocalRotation: {x: 0, y: 0, z: 0, w: 1}
  m_LocalPosition: {x: 29.03, y: 8.23, z: -5.99}
  m_LocalScale: {x: 1.05, y: 1.05, z: 1.05}
  m_Children: []
  m_Father: {fileID: 8404230028429044799}
  m_RootOrder: 7
  m_LocalEulerAnglesHint: {x: 0, y: 0, z: 0}
--- !u!114 &8404230027560682208
MonoBehaviour:
  m_ObjectHideFlags: 0
  m_CorrespondingSourceObject: {fileID: 0}
  m_PrefabInstance: {fileID: 0}
  m_PrefabAsset: {fileID: 0}
  m_GameObject: {fileID: 8404230027560682210}
  m_Enabled: 1
  m_EditorHideFlags: 0
  m_Script: {fileID: 11500000, guid: b073ec1da9a2dff43be722dea6038288, type: 3}
  m_Name: 
  m_EditorClassIdentifier: 
  threeD: 1
  loop: 1
  minRange: 5.67
  maxRange: 11.39
  volume: 0.663
  mixer: {fileID: 2243370753139369044, guid: c0c38d7a1abe6f145ac91c2f6995ed7b, type: 2}
  OnStart:
    m_PersistentCalls:
      m_Calls:
      - m_Target: {fileID: 8404230027560682208}
        m_TargetAssemblyTypeName: 
        m_MethodName: Play
        m_Mode: 2
        m_Arguments:
          m_ObjectArgument: {fileID: 8300000, guid: 6d0ac981b1eb7e24aabcc807b26da06c, type: 3}
          m_ObjectArgumentAssemblyTypeName: UnityEngine.AudioClip, UnityEngine
          m_IntArgument: 0
          m_FloatArgument: 0
          m_StringArgument: 
          m_BoolArgument: 0
        m_CallState: 2
--- !u!1 &8404230028090187097
GameObject:
  m_ObjectHideFlags: 0
  m_CorrespondingSourceObject: {fileID: 0}
  m_PrefabInstance: {fileID: 0}
  m_PrefabAsset: {fileID: 0}
  serializedVersion: 6
  m_Component:
  - component: {fileID: 8404230028090187096}
  - component: {fileID: 8404230028090187103}
  m_Layer: 0
  m_Name: Tile05
  m_TagString: Untagged
  m_Icon: {fileID: 0}
  m_NavMeshLayer: 0
  m_StaticEditorFlags: 0
  m_IsActive: 1
--- !u!4 &8404230028090187096
Transform:
  m_ObjectHideFlags: 0
  m_CorrespondingSourceObject: {fileID: 0}
  m_PrefabInstance: {fileID: 0}
  m_PrefabAsset: {fileID: 0}
  m_GameObject: {fileID: 8404230028090187097}
  m_LocalRotation: {x: 0, y: 0, z: 0, w: 1}
  m_LocalPosition: {x: 50.98, y: 6.52, z: 64.14}
  m_LocalScale: {x: 1.05, y: 1.05, z: 1.05}
  m_Children: []
  m_Father: {fileID: 8404230028429044799}
  m_RootOrder: 5
  m_LocalEulerAnglesHint: {x: 0, y: 0, z: 0}
--- !u!114 &8404230028090187103
MonoBehaviour:
  m_ObjectHideFlags: 0
  m_CorrespondingSourceObject: {fileID: 0}
  m_PrefabInstance: {fileID: 0}
  m_PrefabAsset: {fileID: 0}
  m_GameObject: {fileID: 8404230028090187097}
  m_Enabled: 1
  m_EditorHideFlags: 0
  m_Script: {fileID: 11500000, guid: b073ec1da9a2dff43be722dea6038288, type: 3}
  m_Name: 
  m_EditorClassIdentifier: 
  threeD: 1
  loop: 1
  minRange: 5.67
  maxRange: 11.39
  volume: 0.663
  mixer: {fileID: 2243370753139369044, guid: c0c38d7a1abe6f145ac91c2f6995ed7b, type: 2}
  OnStart:
    m_PersistentCalls:
      m_Calls:
      - m_Target: {fileID: 8404230028090187103}
        m_TargetAssemblyTypeName: 
        m_MethodName: Play
        m_Mode: 2
        m_Arguments:
          m_ObjectArgument: {fileID: 8300000, guid: 6d0ac981b1eb7e24aabcc807b26da06c, type: 3}
          m_ObjectArgumentAssemblyTypeName: UnityEngine.AudioClip, UnityEngine
          m_IntArgument: 0
          m_FloatArgument: 0
          m_StringArgument: 
          m_BoolArgument: 0
        m_CallState: 2
--- !u!1 &8404230028160407264
GameObject:
  m_ObjectHideFlags: 0
  m_CorrespondingSourceObject: {fileID: 0}
  m_PrefabInstance: {fileID: 0}
  m_PrefabAsset: {fileID: 0}
  serializedVersion: 6
  m_Component:
  - component: {fileID: 8404230028160407271}
  - component: {fileID: 8404230028160407270}
  m_Layer: 0
  m_Name: WaterSouds
  m_TagString: Untagged
  m_Icon: {fileID: 0}
  m_NavMeshLayer: 0
  m_StaticEditorFlags: 0
  m_IsActive: 1
--- !u!4 &8404230028160407271
Transform:
  m_ObjectHideFlags: 0
  m_CorrespondingSourceObject: {fileID: 0}
  m_PrefabInstance: {fileID: 0}
  m_PrefabAsset: {fileID: 0}
  m_GameObject: {fileID: 8404230028160407264}
  m_LocalRotation: {x: 0, y: 0, z: 0, w: 1}
  m_LocalPosition: {x: 0, y: 0, z: 0}
  m_LocalScale: {x: 1, y: 1, z: 1}
  m_Children:
  - {fileID: 8404230026923282254}
  - {fileID: 8404230027279743388}
  - {fileID: 8404230028662207684}
  - {fileID: 8404230028478281390}
  - {fileID: 8404230028643215159}
  m_Father: {fileID: 8404230026586552564}
  m_RootOrder: 2
  m_LocalEulerAnglesHint: {x: 0, y: 0, z: 0}
--- !u!82 &8404230028160407270
AudioSource:
  m_ObjectHideFlags: 0
  m_CorrespondingSourceObject: {fileID: 0}
  m_PrefabInstance: {fileID: 0}
  m_PrefabAsset: {fileID: 0}
  m_GameObject: {fileID: 8404230028160407264}
  m_Enabled: 1
  serializedVersion: 4
  OutputAudioMixerGroup: {fileID: 2243370753139369044, guid: c0c38d7a1abe6f145ac91c2f6995ed7b, type: 2}
  m_audioClip: {fileID: 8300000, guid: 64847eac16d1f8446b8064b0fb3a1a3e, type: 3}
  m_PlayOnAwake: 0
  m_Volume: 0.263
  m_Pitch: 1
  Loop: 1
  Mute: 0
  Spatialize: 0
  SpatializePostEffects: 0
  Priority: 128
  DopplerLevel: 1
  MinDistance: 1
  MaxDistance: 500
  Pan2D: 0
  rolloffMode: 0
  BypassEffects: 0
  BypassListenerEffects: 0
  BypassReverbZones: 0
  rolloffCustomCurve:
    serializedVersion: 2
    m_Curve:
    - serializedVersion: 3
      time: 0
      value: 1
      inSlope: 0
      outSlope: 0
      tangentMode: 0
      weightedMode: 0
      inWeight: 0.33333334
      outWeight: 0.33333334
    - serializedVersion: 3
      time: 1
      value: 0
      inSlope: 0
      outSlope: 0
      tangentMode: 0
      weightedMode: 0
      inWeight: 0.33333334
      outWeight: 0.33333334
    m_PreInfinity: 2
    m_PostInfinity: 2
    m_RotationOrder: 4
  panLevelCustomCurve:
    serializedVersion: 2
    m_Curve:
    - serializedVersion: 3
      time: 0
      value: 0
      inSlope: 0
      outSlope: 0
      tangentMode: 0
      weightedMode: 0
      inWeight: 0.33333334
      outWeight: 0.33333334
    m_PreInfinity: 2
    m_PostInfinity: 2
    m_RotationOrder: 4
  spreadCustomCurve:
    serializedVersion: 2
    m_Curve:
    - serializedVersion: 3
      time: 0
      value: 0
      inSlope: 0
      outSlope: 0
      tangentMode: 0
      weightedMode: 0
      inWeight: 0.33333334
      outWeight: 0.33333334
    m_PreInfinity: 2
    m_PostInfinity: 2
    m_RotationOrder: 4
  reverbZoneMixCustomCurve:
    serializedVersion: 2
    m_Curve:
    - serializedVersion: 3
      time: 0
      value: 1
      inSlope: 0
      outSlope: 0
      tangentMode: 0
      weightedMode: 0
      inWeight: 0.33333334
      outWeight: 0.33333334
    m_PreInfinity: 2
    m_PostInfinity: 2
    m_RotationOrder: 4
--- !u!1 &8404230028295442508
GameObject:
  m_ObjectHideFlags: 0
  m_CorrespondingSourceObject: {fileID: 0}
  m_PrefabInstance: {fileID: 0}
  m_PrefabAsset: {fileID: 0}
  serializedVersion: 6
  m_Component:
  - component: {fileID: 8404230028295442499}
  - component: {fileID: 8404230028295442498}
  m_Layer: 0
  m_Name: Tile05 (3)
  m_TagString: Untagged
  m_Icon: {fileID: 0}
  m_NavMeshLayer: 0
  m_StaticEditorFlags: 0
  m_IsActive: 1
--- !u!4 &8404230028295442499
Transform:
  m_ObjectHideFlags: 0
  m_CorrespondingSourceObject: {fileID: 0}
  m_PrefabInstance: {fileID: 0}
  m_PrefabAsset: {fileID: 0}
  m_GameObject: {fileID: 8404230028295442508}
  m_LocalRotation: {x: 0, y: 0, z: 0, w: 1}
  m_LocalPosition: {x: 28.9, y: 7.5, z: 25.1}
  m_LocalScale: {x: 1.05, y: 1.05, z: 1.05}
  m_Children: []
  m_Father: {fileID: 8404230028429044799}
  m_RootOrder: 8
  m_LocalEulerAnglesHint: {x: 0, y: 0, z: 0}
--- !u!114 &8404230028295442498
MonoBehaviour:
  m_ObjectHideFlags: 0
  m_CorrespondingSourceObject: {fileID: 0}
  m_PrefabInstance: {fileID: 0}
  m_PrefabAsset: {fileID: 0}
  m_GameObject: {fileID: 8404230028295442508}
  m_Enabled: 1
  m_EditorHideFlags: 0
  m_Script: {fileID: 11500000, guid: b073ec1da9a2dff43be722dea6038288, type: 3}
  m_Name: 
  m_EditorClassIdentifier: 
  threeD: 1
  loop: 1
  minRange: 5.67
  maxRange: 11.39
  volume: 0.663
  mixer: {fileID: 2243370753139369044, guid: c0c38d7a1abe6f145ac91c2f6995ed7b, type: 2}
  OnStart:
    m_PersistentCalls:
      m_Calls:
      - m_Target: {fileID: 8404230028295442498}
        m_TargetAssemblyTypeName: 
        m_MethodName: Play
        m_Mode: 2
        m_Arguments:
          m_ObjectArgument: {fileID: 8300000, guid: 6d0ac981b1eb7e24aabcc807b26da06c, type: 3}
          m_ObjectArgumentAssemblyTypeName: UnityEngine.AudioClip, UnityEngine
          m_IntArgument: 0
          m_FloatArgument: 0
          m_StringArgument: 
          m_BoolArgument: 0
        m_CallState: 2
--- !u!1 &8404230028332510277
GameObject:
  m_ObjectHideFlags: 0
  m_CorrespondingSourceObject: {fileID: 0}
  m_PrefabInstance: {fileID: 0}
  m_PrefabAsset: {fileID: 0}
  serializedVersion: 6
  m_Component:
  - component: {fileID: 8404230028332510276}
  - component: {fileID: 8404230028332510299}
  m_Layer: 0
  m_Name: Tile05 (1)
  m_TagString: Untagged
  m_Icon: {fileID: 0}
  m_NavMeshLayer: 0
  m_StaticEditorFlags: 0
  m_IsActive: 1
--- !u!4 &8404230028332510276
Transform:
  m_ObjectHideFlags: 0
  m_CorrespondingSourceObject: {fileID: 0}
  m_PrefabInstance: {fileID: 0}
  m_PrefabAsset: {fileID: 0}
  m_GameObject: {fileID: 8404230028332510277}
  m_LocalRotation: {x: 0, y: 0, z: 0, w: 1}
  m_LocalPosition: {x: 32.8, y: 6.52, z: 40.4}
  m_LocalScale: {x: 1.05, y: 1.05, z: 1.05}
  m_Children: []
  m_Father: {fileID: 8404230028429044799}
  m_RootOrder: 6
  m_LocalEulerAnglesHint: {x: 0, y: 0, z: 0}
--- !u!114 &8404230028332510299
MonoBehaviour:
  m_ObjectHideFlags: 0
  m_CorrespondingSourceObject: {fileID: 0}
  m_PrefabInstance: {fileID: 0}
  m_PrefabAsset: {fileID: 0}
  m_GameObject: {fileID: 8404230028332510277}
  m_Enabled: 1
  m_EditorHideFlags: 0
  m_Script: {fileID: 11500000, guid: b073ec1da9a2dff43be722dea6038288, type: 3}
  m_Name: 
  m_EditorClassIdentifier: 
  threeD: 1
  loop: 1
  minRange: 5.67
  maxRange: 11.39
  volume: 0.663
  mixer: {fileID: 2243370753139369044, guid: c0c38d7a1abe6f145ac91c2f6995ed7b, type: 2}
  OnStart:
    m_PersistentCalls:
      m_Calls:
      - m_Target: {fileID: 8404230028332510299}
        m_TargetAssemblyTypeName: 
        m_MethodName: Play
        m_Mode: 2
        m_Arguments:
          m_ObjectArgument: {fileID: 8300000, guid: 6d0ac981b1eb7e24aabcc807b26da06c, type: 3}
          m_ObjectArgumentAssemblyTypeName: UnityEngine.AudioClip, UnityEngine
          m_IntArgument: 0
          m_FloatArgument: 0
          m_StringArgument: 
          m_BoolArgument: 0
        m_CallState: 2
--- !u!1 &8404230028429044792
GameObject:
  m_ObjectHideFlags: 0
  m_CorrespondingSourceObject: {fileID: 0}
  m_PrefabInstance: {fileID: 0}
  m_PrefabAsset: {fileID: 0}
  serializedVersion: 6
  m_Component:
  - component: {fileID: 8404230028429044799}
  m_Layer: 0
  m_Name: PlamSounds
  m_TagString: Untagged
  m_Icon: {fileID: 0}
  m_NavMeshLayer: 0
  m_StaticEditorFlags: 0
  m_IsActive: 1
--- !u!4 &8404230028429044799
Transform:
  m_ObjectHideFlags: 0
  m_CorrespondingSourceObject: {fileID: 0}
  m_PrefabInstance: {fileID: 0}
  m_PrefabAsset: {fileID: 0}
  m_GameObject: {fileID: 8404230028429044792}
  m_LocalRotation: {x: 0, y: 0, z: 0, w: 1}
  m_LocalPosition: {x: 0, y: 0, z: 0}
  m_LocalScale: {x: 1, y: 1, z: 1}
  m_Children:
  - {fileID: 8404230026983381434}
  - {fileID: 8404230028441590248}
  - {fileID: 8404230026791012208}
  - {fileID: 8404230027300576365}
  - {fileID: 8404230027150917980}
  - {fileID: 8404230028090187096}
  - {fileID: 8404230028332510276}
  - {fileID: 8404230027560682209}
  - {fileID: 8404230028295442499}
  - {fileID: 8404230027314900273}
  - {fileID: 8404230027329718888}
  - {fileID: 8404230027021749124}
  m_Father: {fileID: 8404230026586552564}
  m_RootOrder: 1
  m_LocalEulerAnglesHint: {x: 0, y: 0, z: 0}
--- !u!1 &8404230028441590249
GameObject:
  m_ObjectHideFlags: 0
  m_CorrespondingSourceObject: {fileID: 0}
  m_PrefabInstance: {fileID: 0}
  m_PrefabAsset: {fileID: 0}
  serializedVersion: 6
  m_Component:
  - component: {fileID: 8404230028441590248}
  - component: {fileID: 8404230028441590255}
  m_Layer: 0
  m_Name: Tile01 (1)
  m_TagString: Untagged
  m_Icon: {fileID: 0}
  m_NavMeshLayer: 0
  m_StaticEditorFlags: 0
  m_IsActive: 1
--- !u!4 &8404230028441590248
Transform:
  m_ObjectHideFlags: 0
  m_CorrespondingSourceObject: {fileID: 0}
  m_PrefabInstance: {fileID: 0}
  m_PrefabAsset: {fileID: 0}
  m_GameObject: {fileID: 8404230028441590249}
  m_LocalRotation: {x: 0, y: 0, z: 0, w: 1}
  m_LocalPosition: {x: -18.75, y: 5.79, z: 12.38}
  m_LocalScale: {x: 1.05, y: 1.05, z: 1.05}
  m_Children: []
  m_Father: {fileID: 8404230028429044799}
  m_RootOrder: 1
  m_LocalEulerAnglesHint: {x: 0, y: 0, z: 0}
--- !u!114 &8404230028441590255
MonoBehaviour:
  m_ObjectHideFlags: 0
  m_CorrespondingSourceObject: {fileID: 0}
  m_PrefabInstance: {fileID: 0}
  m_PrefabAsset: {fileID: 0}
  m_GameObject: {fileID: 8404230028441590249}
  m_Enabled: 1
  m_EditorHideFlags: 0
  m_Script: {fileID: 11500000, guid: b073ec1da9a2dff43be722dea6038288, type: 3}
  m_Name: 
  m_EditorClassIdentifier: 
  threeD: 1
  loop: 1
  minRange: 5.67
  maxRange: 11.39
  volume: 0.663
  mixer: {fileID: 2243370753139369044, guid: c0c38d7a1abe6f145ac91c2f6995ed7b, type: 2}
  OnStart:
    m_PersistentCalls:
      m_Calls:
      - m_Target: {fileID: 8404230028441590255}
        m_TargetAssemblyTypeName: 
        m_MethodName: Play
        m_Mode: 2
        m_Arguments:
          m_ObjectArgument: {fileID: 8300000, guid: 6d0ac981b1eb7e24aabcc807b26da06c, type: 3}
          m_ObjectArgumentAssemblyTypeName: UnityEngine.AudioClip, UnityEngine
          m_IntArgument: 0
          m_FloatArgument: 0
          m_StringArgument: 
          m_BoolArgument: 0
        m_CallState: 2
--- !u!1 &8404230028478281391
GameObject:
  m_ObjectHideFlags: 0
  m_CorrespondingSourceObject: {fileID: 0}
  m_PrefabInstance: {fileID: 0}
  m_PrefabAsset: {fileID: 0}
  serializedVersion: 6
  m_Component:
  - component: {fileID: 8404230028478281390}
  - component: {fileID: 8404230028478281389}
  m_Layer: 0
  m_Name: WaterZone (3)
  m_TagString: Untagged
  m_Icon: {fileID: 0}
  m_NavMeshLayer: 0
  m_StaticEditorFlags: 0
  m_IsActive: 1
--- !u!4 &8404230028478281390
Transform:
  m_ObjectHideFlags: 0
  m_CorrespondingSourceObject: {fileID: 0}
  m_PrefabInstance: {fileID: 0}
  m_PrefabAsset: {fileID: 0}
  m_GameObject: {fileID: 8404230028478281391}
  m_LocalRotation: {x: 0, y: 0, z: 0, w: 1}
  m_LocalPosition: {x: 22.9, y: -0.9, z: 10.2}
  m_LocalScale: {x: 1, y: 1, z: 1}
  m_Children: []
  m_Father: {fileID: 8404230028160407271}
  m_RootOrder: 3
  m_LocalEulerAnglesHint: {x: 0, y: 0, z: 0}
--- !u!114 &8404230028478281389
MonoBehaviour:
  m_ObjectHideFlags: 0
  m_CorrespondingSourceObject: {fileID: 0}
  m_PrefabInstance: {fileID: 0}
  m_PrefabAsset: {fileID: 0}
  m_GameObject: {fileID: 8404230028478281391}
  m_Enabled: 1
  m_EditorHideFlags: 0
  m_Script: {fileID: 11500000, guid: af81968736a99bc4f89adc6fff9ca582, type: 3}
  m_Name: 
  m_EditorClassIdentifier: 
  source: {fileID: 8404230028160407270}
  type: 1
  size: {x: 10.29, y: 0, z: 26.6}
  falloff: {x: 6.48, y: 0, z: 3.8}
  syncWithMusic: 0
--- !u!1 &8404230028643215152
GameObject:
  m_ObjectHideFlags: 0
  m_CorrespondingSourceObject: {fileID: 0}
  m_PrefabInstance: {fileID: 0}
  m_PrefabAsset: {fileID: 0}
  serializedVersion: 6
  m_Component:
  - component: {fileID: 8404230028643215159}
  - component: {fileID: 8404230028643215158}
  m_Layer: 0
  m_Name: WaterZone (4)
  m_TagString: Untagged
  m_Icon: {fileID: 0}
  m_NavMeshLayer: 0
  m_StaticEditorFlags: 0
  m_IsActive: 1
--- !u!4 &8404230028643215159
Transform:
  m_ObjectHideFlags: 0
  m_CorrespondingSourceObject: {fileID: 0}
  m_PrefabInstance: {fileID: 0}
  m_PrefabAsset: {fileID: 0}
  m_GameObject: {fileID: 8404230028643215152}
  m_LocalRotation: {x: 0, y: 0, z: 0, w: 1}
  m_LocalPosition: {x: -87.57, y: 0, z: 10.66}
  m_LocalScale: {x: 1, y: 1, z: 1}
  m_Children: []
  m_Father: {fileID: 8404230028160407271}
  m_RootOrder: 4
  m_LocalEulerAnglesHint: {x: 0, y: 0, z: 0}
--- !u!114 &8404230028643215158
MonoBehaviour:
  m_ObjectHideFlags: 0
  m_CorrespondingSourceObject: {fileID: 0}
  m_PrefabInstance: {fileID: 0}
  m_PrefabAsset: {fileID: 0}
  m_GameObject: {fileID: 8404230028643215152}
  m_Enabled: 1
  m_EditorHideFlags: 0
  m_Script: {fileID: 11500000, guid: af81968736a99bc4f89adc6fff9ca582, type: 3}
  m_Name: 
  m_EditorClassIdentifier: 
  source: {fileID: 8404230028160407270}
  type: 1
  size: {x: 18.12, y: 0, z: 5.9}
  falloff: {x: 3.35, y: 0, z: 3}
  syncWithMusic: 0
--- !u!1 &8404230028662207685
GameObject:
  m_ObjectHideFlags: 0
  m_CorrespondingSourceObject: {fileID: 0}
  m_PrefabInstance: {fileID: 0}
  m_PrefabAsset: {fileID: 0}
  serializedVersion: 6
  m_Component:
  - component: {fileID: 8404230028662207684}
  - component: {fileID: 8404230028662207707}
  m_Layer: 0
  m_Name: WaterZone (2)
  m_TagString: Untagged
  m_Icon: {fileID: 0}
  m_NavMeshLayer: 0
  m_StaticEditorFlags: 0
  m_IsActive: 1
--- !u!4 &8404230028662207684
Transform:
  m_ObjectHideFlags: 0
  m_CorrespondingSourceObject: {fileID: 0}
  m_PrefabInstance: {fileID: 0}
  m_PrefabAsset: {fileID: 0}
  m_GameObject: {fileID: 8404230028662207685}
  m_LocalRotation: {x: 0, y: 0, z: 0, w: 1}
  m_LocalPosition: {x: 75.4, y: 0, z: 7.7}
  m_LocalScale: {x: 1, y: 1, z: 1}
  m_Children: []
  m_Father: {fileID: 8404230028160407271}
  m_RootOrder: 2
  m_LocalEulerAnglesHint: {x: 0, y: 0, z: 0}
--- !u!114 &8404230028662207707
MonoBehaviour:
  m_ObjectHideFlags: 0
  m_CorrespondingSourceObject: {fileID: 0}
  m_PrefabInstance: {fileID: 0}
  m_PrefabAsset: {fileID: 0}
  m_GameObject: {fileID: 8404230028662207685}
  m_Enabled: 1
  m_EditorHideFlags: 0
  m_Script: {fileID: 11500000, guid: af81968736a99bc4f89adc6fff9ca582, type: 3}
  m_Name: 
  m_EditorClassIdentifier: 
  source: {fileID: 8404230028160407270}
  type: 1
  size: {x: 29.2, y: 0, z: 31.5}
  falloff: {x: 6, y: 0, z: 4.38}
  syncWithMusic: 0
